Name,Insurance Number,Reporting Date,Assets,Shares,Liabilities,Net Worth,Revenue,Dividends,Expenses,Net Income
1st Gateway,63124,12/31/2020,178099569,150653062,159442160,18657409,8497512,1830298,5548099,1105000
5 Star Community,64878,12/31/2020,44434133,40731006,40889394,3473451,1809930,160903,1538830,106570
ACE,64323,12/31/2020,8063468,6823775,6829185,1234283,149966,32351,110370,7245
Advantage,64030,12/31/2020,86834947,73622313,74474128,12360819,3756826,322814,3810353,-378006
Aegis,65521,12/31/2020,23434705,20412238,20973944,2460761,1160198,116421,839694,204083
Affinity,62829,12/31/2020,130856389,115039418,118449501,12406888,8869829,587391,7441157,843916
AIM,64886,12/31/2020,152417916,134283947,134692402,17725514,6772779,882580,4694875,1195324
Allen Hospital Personnel,67831,12/31/2020,6040192,5085866,5109202,930990,293131,4313,291349,-2531
Ascentra,63268,12/31/2020,495382722,427221614,447912079,47095869,26014183,2970075,22142940,882488
Burlington Municipal Employees,65239,12/31/2020,5222541,4729919,4747358,475183,178319,52885,116026,9408
Capitol View,62878,12/31/2020,40889435,34775459,34907836,5981599,1624349,222222,1280220,125540
Casebine Community,64868,12/31/2020,31367009,25914476,26088068,5279167,1542243,34994,1383324,122812
Cedar Falls Community,65565,12/31/2020,148199116,125414082,126479264,23167697,6472534,1347869,3704720,1419945
CENT,65238,12/31/2020,65259551,57085264,57417622,7841929,3389344,361201,2637692,400000
Chicago Central and Commerce,62871,12/31/2020,7243382,5726080,5791593,1451789,325807,48158,267081,0
Citizens Community,66592,12/31/2020,224394096,189392596,191457674,32936422,12524694,1338745,10422780,811169
Collins Community,62969,12/31/2020,1326760185,1170533584,1216901013,108739806,67747879,12549055,60752247,4998966
Community 1st,68510,12/31/2020,845738423,760872145,777700245,68038178,42055008,7147736,30819912,4082794
Community Choice,65078,12/31/2020,670991199,570531808,599853913,71137286,38083713,2702012,29135788,5960190
Davenport Police Department,61691,12/31/2020,4585374,3978978,3987948,597426,124556,24285,93857,6414
Des Moines Fire Department,64943,12/31/2020,4134670,3292351,3292351,842319,135092,3268,127828,3996
Des Moines Metro,64380,12/31/2020,61773643,54115078,54595496,7178147,2486972,197345,2139093,147944
Des Moines Water Works,63486,12/31/2020,1495049,1299076,1305946,189103,56072,3840,52121,111
Du Trac Community,64471,12/31/2020,897967496,782640396,788361797,108170298,36676187,6454634,24790879,6128996
Dubuque Postal Employees,64917,12/31/2020,5258664,4692832,4712515,546149,129719,45700,66681,17338
Dupaco Community,64049,12/31/2020,2430731369,1978535297,2095833459,326516585,126993194,20538585,80447608,27433032
DuPont Employees,62429,12/31/2020,4585262,3907908,3910743,674519,123988,40412,73091,10485
Employees,63299,12/31/2020,118458064,92657405,93243915,25214149,5623388,904591,2317634,2397443
Family Community,64067,12/31/2020,22884379,20576952,20659388,2224991,493778,45087,524561,-75870
Financial Plus,62965,12/31/2020,196577241,173333459,174740782,21673369,6171168,360537,5203469,432539
First Class Community,64231,12/31/2020,93085410,84873670,85817374,7244785,4247644,58322,4067847,113613
Fort Dodge Family,63159,12/31/2020,37392184,32772274,33054218,4337966,1783003,387934,1092976,302093
Gas & Electric Employees,65040,12/31/2020,5106188,3241075,3246075,1860113,176501,22540,90969,62992
Greater Iowa,64203,12/31/2020,624431787,567254006,578116348,46257938,28946932,5045854,21169577,2763023
GreenState,60269,12/31/2020,7112600971,5729542888,6442688621,692246854,368803226,93042718,159075430,115359730
Holy Ghost Parish,65243,12/31/2020,31866539,28577336,28786682,3079857,661868,461405,214036,1576
HomeTown,65445,12/31/2020,2859025,2282242,2303784,555241,159743,40150,142846,-23253
Industrial Employees,65242,12/31/2020,9758033,8175017,8198329,1559704,359827,29121,294235,46882
Iowa Heartland,60718,12/31/2020,25135644,20464616,20528820,4606824,894362,34862,804193,55307
Journey,64361,12/31/2020,72316173,62454004,62972948,9302685,3306933,404348,2431777,459960
KAH,65391,12/31/2020,1755054,1230404,1232901,522153,44518,2494,49240,-7216
Lee County,61393,12/31/2020,3361480,2531002,2533761,827719,144753,13645,124947,6161
Lennox Employees,64234,12/31/2020,58166829,51784391,51946848,5864363,2033673,290717,1761594,-23338
Linn Area,63602,12/31/2020,518343946,448296851,469142449,48888518,25116469,4311313,17637909,3543935
Members 1st Community,62918,12/31/2020,227098240,204887918,206262664,20821216,7802347,646741,6288336,899616
Members Community,62683,12/31/2020,75770741,64424134,68676900,7094375,3974886,468871,3079778,426392
Meridian,64212,12/31/2020,31344245,26612249,26694130,4664533,964400,93869,773935,96596
Metco,60013,12/31/2020,44381691,38939818,39188146,5193545,2105477,161779,1315538,628160
Midland,61918,12/31/2020,62446668,54475576,54997127,7449541,2945403,259723,2549225,144137
Midwest Community,63494,12/31/2020,35849887,32742667,32837248,3012639,1032894,47031,896660,87908
Morrison Employees,65199,12/31/2020,1819862,1294030,1304476,515386,42550,20042,21931,577
Muni-Employees,61360,12/31/2020,723010,641857,645401,77609,26847,626,34947,-8726
NGPL  Employees,64351,12/31/2020,2853858,2035566,2050733,803125,65889,24940,35641,5308
Nishna Valley,64191,12/31/2020,40793531,37783409,37861035,2932496,1237459,54711,1130258,52490
North Iowa Community,62638,12/31/2020,82225605,74431932,75118677,7106928,4111854,444249,3567605,100000
North Star Community,62638,12/31/2020,119985507,108010875,108455022,11436095,5570748,1257349,3760755,552644
North Western Employees,64282,12/31/2020,8352697,6654091,6668100,1684597,383265,56290,284552,42423
NW IOWA,63399,12/31/2020,64685506,57159949,57201596,7483910,2293965,463994,1293486,536485
Peoples,64140,12/31/2020,72337673,63109794,63709844,8627829,3770637,439713,2964115,366809
Polk County,65039,12/31/2020,6920204,5862560,5864084,1056120,291682,53609,195608,42465
Power Co-op Employees,61920,12/31/2020,42170204,34146724,34207634,7962570,1600342,301666,689128,602598
Premier,64271,12/31/2020,261735112,225745939,237569731,24165381,11075017,2194567,7436097,1455403
Public Employees,64390,12/31/2020,32199015,27780386,27806484,4392531,963038,326782,560179,76077
Quaker Oats,64991,12/31/2020,12526686,10835881,10877579,1649107,516852,24865,437222,54765
River Community,64986,12/31/2020,22745346,19418595,19564791,3180555,1158972,148299,780975,229698
River Valley,61664,12/31/2020,86133082,71260054,76879520,9253562,3070297,483770,1769294,817312
SECU,64269,12/31/2020,2055459,1535477,1541053,514406,83135,8885,77214,-1538
Serve,65150,12/31/2020,86740992,73654564,74604519,12136473,3872457,456538,2536663,941417
Sioux Valley Community,64417,12/31/2020,33777237,29632008,29795402,3981835,1224353,40995,1380158,-176400
St Athanasius,65136,12/31/2020,778790,675043,675483,103307,39422,7986,30970,466
St Ludmila's,65062,12/31/2020,379160,267962,269534,109626,11787,1065,10713,9
Teamsters Local #238,65606,12/31/2020,11677793,10644827,10707269,970524,356535,17333,331900,7302
Telco Triad Community,63218,12/31/2020,110466285,98868016,99174581,12264453,4593220,499164,3974032,210103
The Family,60728,12/31/2020,203385814,176560084,177709700,25676114,9461526,932510,6939461,1761737
The Hub-Co,60678,12/31/2020,20919779,18888945,18941003,1978776,684457,46257,567460,69416
The Municipal,64021,12/31/2020,20700907,18523938,18593734,2107173,779473,51611,552685,175177
Town and Country,65168,12/31/2020,35721842,32764773,32893528,2828314,1918834,394573,1454877,69384
Unite,65071,12/31/2020,24487376,21127484,21161216,3326160,767570,66646,644254,56670
United,65557,12/31/2020,20199489,18189225,18213403,1986086,592948,32954,516372,43179
Veridian,64418,12/31/2020,5127937204,4376229327,4603034127,524628779,257144863,49488921,140051477,68241401
Warren,64790,12/31/2020,4528236,3500012,3505406,1022830,185093,48088,139230,-2225
Waterloo Firemen's,65193,12/31/2020,2676678,2412415,2412766,263912,66996,24605,38865,3526
1st Gateway,63124,12/31/2019,161214992,130883621,143662583,17552409,8664766,1951004,5686412,1005000
5 Star Community,64878,12/31/2019,35617788,32227333,32251606,3366882,1869736,195706,1490274,206836
ACE,64323,12/31/2019,7404517,6171971,6177478,1227039,187465,36289,116310,34866
Advantage,64030,12/31/2019,72133707,58733401,59394882,12738825,3554904,342114,2306376,896614
Aegis,65521,12/31/2019,17471504,15159338,15214828,2256676,1101551,71165,805525,224861
Affinity,62829,12/31/2019,122310053,108122381,110753405,11562971,9551558,1035357,7360716,1165821
AIM,64886,12/31/2019,130498521,113593877,114107782,16390739,6536999,901788,4751996,887063
Allen Hospital Personnel,67831,12/31/2019,5428852,4471931,4495331,933521,314916,4188,301591,9137
Ascentra,63268,12/31/2019,424287517,351894321,378064597,46213379,26875232,2799979,22514126,1800008
Burlington Municipal Employees,65239,12/31/2019,4360847,3880551,3895072,465775,194554,51446,99271,44535
Capitol View,62878,12/31/2019,36059400,30063206,30203340,5856060,1837313,240239,1333863,231258
Casebine Community,64868,12/31/2019,28919832,23574356,23764445,5156354,1650085,77006,1483008,91343
Cedar Falls Community,65565,12/31/2019,127148303,105741721,106649180,21747752,6179526,1256392,3308337,1614797
CENT,65238,12/31/2019,56702829,48897917,49256793,7446036,3125032,320418,2664221,140393
Chicago Central and Commerce,62871,12/31/2019,6646294,5123565,5194505,1451789,345646,51831,293815,0
Citizens Community,66592,12/31/2019,198255426,163168771,166130173,32125253,13167519,1517519,10297893,1352107
Cobalt,68695,12/31/2019,1009387449,792725530,915241354,94146095,58224910,11442535,40345104,6456155
Collins Community,62969,12/31/2019,1242820369,1102573558,1138718806,103606609,68990850,17506337,55671624,1147766
Community 1st,68510,12/31/2019,709694626,626629327,645739239,63955387,41086764,6979753,29768798,4202394
Community Choice,65078,12/31/2019,550224823,460740668,485047727,65177096,38165396,2555297,25603644,9856126
Davenport Police Department,61691,12/31/2019,4356552,3754185,3765540,591012,136352,23801,104724,7827
Des Moines Fire Department,64943,12/31/2019,4051231,3212909,3212909,838322,152825,21339,126667,4819
Des Moines Metro,64380,12/31/2019,53947953,46312000,46917750,7030203,2722654,213005,2173381,300268
Des Moines Water Works,63486,12/31/2019,1478752,1281918,1289760,188992,63531,4898,53598,5035
Du Trac Community,64471,12/31/2019,756261047,647383995,654164444,102041301,41622705,6962181,24283494,11107293
Dubuque Postal Employees,64917,12/31/2019,4569173,4023082,4040402,528771,132762,45466,88352,-1056
Dupaco Community,64049,12/31/2019,1888189051,1521721104,1588480982,299105648,114562388,18945970,71645141,32007619
DuPont Employees,62429,12/31/2019,4085301,3415827,3419719,665582,118964,34380,69441,15143
Employees,63299,12/31/2019,105357507,82021414,82533565,22823942,5485363,1499689,2275432,1710242
Family Community,64067,12/31/2019,17787240,15415524,15486379,2300861,603973,29602,554795,19576
Financial Plus,62965,12/31/2019,172199513,149630325,150973683,21240833,6759780,393343,5385024,923758
First Class Community,64231,12/31/2019,79812307,71523040,72687825,7131172,4462839,85917,4142127,234795
Fort Dodge Family,63159,12/31/2019,31088209,26809707,27052333,4035876,1928392,382944,1230670,314778
Gas & Electric Employees,65040,12/31/2019,4769703,2970186,2972579,1797124,171731,27543,94256,49932
Greater Iowa,64203,12/31/2019,537721451,477503761,494133620,43546836,25712067,4233842,19334844,4131446
GreenState,60269,12/31/2019,5757174429,4330903460,5202621808,556887125,305410541,101329106,119070690,86549765
Holy Ghost Parish,65243,12/31/2019,28530272,25260436,25451993,3078279,659475,463353,215560,17
HomeTown,65445,12/31/2019,2348160,1746960,1767363,580797,158629,17652,199978,-59001
Industrial Employees,65242,12/31/2019,8350241,6816856,6837419,1512822,376133,38363,286164,63592
Iowa Heartland,60718,12/31/2019,21958420,17341059,17406904,4551516,928818,24550,800892,103501
Journey,64361,12/31/2019,59622894,50357771,50755600,8842690,3465273,557523,2457792,449958
KAH,65391,12/31/2019,1649841,1112723,1120473,529368,53665,2422,45941,5302
Lee County,61393,12/31/2019,3373224,2549034,2551592,821632,174599,13868,126302,34429
Lennox Employees,64234,12/31/2019,45473350,39362732,39460237,5864364,2180033,193778,1754885,179636
Linn Area,63602,12/31/2019,468083117,368458525,422912613,45344583,25531902,5587157,17022028,3236210
Members 1st Community,62918,12/31/2019,177733916,156797426,157808505,19921600,7956362,635537,5879365,1441460
Members Community,62683,12/31/2019,62181808,51443695,55516189,6667983,4022838,481984,2983228,557626
Meridian,64212,12/31/2019,26717704,22146833,22177016,4567935,1093379,76130,772705,245400
Metco,60013,12/31/2019,36778248,31952373,32212862,4565386,2206928,167490,1534949,504489
Midland,61918,12/31/2019,54346167,46700764,47040764,7305403,2981206,384695,2399348,175953
Midwest Community,63494,12/31/2019,30460507,27423999,27535775,2924732,1083514,46774,866382,174369
Morrison Employees,65199,12/31/2019,1790613,1266181,1275805,514808,46158,19412,21324,5627
Muni-Employees,61360,12/31/2019,675704,585536,589368,86336,27498,800,31415,-4717
NGPL  Employees,64351,12/31/2019,2768172,1955733,1970354,797818,68670,24442,37180,7048
Nishna Valley,64191,12/31/2019,33782808,30824224,30904148,2878660,1486953,63198,1332755,91000
North Iowa Community,62638,12/31/2019,76454957,68749056,69448029,7006928,4180544,550409,3537084,79380
North Star Community,62638,12/31/2019,104717629,93495943,93756609,10883458,5144972,1115013,3390509,639041
North Western Employees,64282,12/31/2019,6916237,5261285,5274063,1642174,410959,48095,288905,73959
NW IOWA,63399,12/31/2019,54854067,47847649,47906642,6947425,2237377,417715,1257002,562722
Peoples,64140,12/31/2019,64294073,55691695,56033052,8261021,3669907,565439,2764128,330978
Polk County,65039,12/31/2019,5695978,4682009,4682323,1013655,300005,42358,211817,45830
Power Co-op Employees,61920,12/31/2019,34276965,26883949,26916993,7359972,1583098,269523,575244,738331
Premier,64271,12/31/2019,211526491,172042839,189477579,22048912,10751986,2296747,7287360,1027879
Public Employees,64390,12/31/2019,28901191,24556488,24584737,4316454,965102,296034,526313,142755
Quaker Oats,64991,12/31/2019,10141791,8504577,8547449,1594342,630483,22752,504553,103178
River Community,64986,12/31/2019,18656038,15244854,15705183,2950855,1130211,157677,782759,189775
River Valley,61664,12/31/2019,77541565,61966806,69071213,8470352,3031142,578802,1745365,706975
SECU,64269,12/31/2019,1967115,1444901,1451427,515688,91813,10078,77852,9030
Serve,65150,12/31/2019,75146960,62742310,63951904,11195056,3616900,531344,2529027,626372
Sioux Valley Community,64417,12/31/2019,27611896,23226072,23453660,4158236,1353085,30825,1325754,23606
St Athanasius,65136,12/31/2019,780128,676771,677285,102843,43901,9162,33901,838
St Ludmila's,65062,12/31/2019,366243,255171,256625,109618,11128,947,10151,80
Teamsters Local #238,65606,12/31/2019,8422549,7393636,7459327,963222,392081,16689,337786,38893
Telco Triad Community,63218,12/31/2019,96791173,85247218,85718845,12054348,5178457,501786,4039623,644838
The Family,60728,12/31/2019,169383396,144430935,145469021,23914375,9339958,791156,6759416,1918805
The Hub-Co,60678,12/31/2019,18304018,16369055,16394658,1909360,751428,44367,577189,120592
The Municipal,64021,12/31/2019,17269400,15294252,15337405,1931995,853576,92923,580769,179884
Town and Country,65168,12/31/2019,32679573,29846345,29920602,2758971,1931508,366497,1422849,142162
Unite,65071,12/31/2019,21681752,18381082,18417171,3091364,862064,57197,733890,70977
United,65557,12/31/2019,16813992,14844603,14871085,1942907,647346,48169,488276,110901
Veridian,64418,12/31/2019,4348222201,3662689467,3891772592,456387379,237302559,54941765,129891960,54037542
Warren,64790,12/31/2019,4200796,3175614,3180741,1020055,185811,41451,133830,10530
Waterloo Firemen's,65193,12/31/2019,2205661,1944646,1945111,260550,63078,23394,35900,3784
Metco,60013,12/31/2018,33280102,28965646,253427,4060896,1786576,43554,1438071,230550
Metco,60013,12/31/2005,16150483,14062168,99432,1988883,1231217,148419,967019,115779
Metco,60013,12/31/2006,17764458,15382094,163659,2218705,1366795,234330,902643,229822
Metco,60013,12/31/2007,18505158,15826539,222083,2456536,1548274,319584,990859,237831
Metco,60013,12/31/2008,19840973,17184501,144665,2511807,1488331,316498,1116562,55271
Metco,60013,12/31/2009,21285338,18511364,123176,2650798,1529490,241763,1085089,138991
Metco,60013,12/31/2010,21039132,18092571,175874,2770687,1420567,173998,1126681,119888
Metco,60013,12/31/2011,22653308,19346053,450449,2856806,1401317,145631,1169567,86119
Metco,60013,12/31/2012,24134888,20975979,178573,2980336,1417855,125307,1169019,123529
Metco,60013,12/31/2013,27570674,24326004,173745,3070925,1366358,120181,1155587,90590
Metco,60013,12/31/2014,26993503,23672426,137604,3183473,1380761,99502,1168712,112547
Metco,60013,12/31/2015,29480016,25923702,184920,3371394,1458214,87172,1183120,187922
Metco,60013,12/31/2016,31221453,27140181,529487,3551785,1484464,89582,1214492,180390
Metco,60013,12/31/2017,32457856,27301389,324468,3830345,1758457,36365,1366285,278562
EMC,60033,12/31/2005,5097464,4596529,4392,496543,228311,43124,155742,29445
EMC,60033,12/31/2006,5165068,4602012,4172,558884,258083,42071,153671,62341
EMC,60033,12/31/2007,5132334,4501034,1272,630028,281174,44580,165450,71144
EMC,60033,12/31/2008,5523105,4834645,1586,686874,271198,48032,166320,56846
EMC,60033,12/31/2009,5931261,5216433,4009,710819,275108,34920,174269,23945
EMC,60033,12/31/2010,6556816,5827427,11407,717982,234539,25682,201695,7162
EMC,60033,12/31/2011,7312020,6603922,2539,705559,186433,15739,183117,-12423
EMC,60033,12/31/2012,7590710,6901688,3078,685944,179572,14024,185162,-19614
EMC,60033,12/31/2013,7552838,6871543,2678,678617,166510,2145,171692,-7327
EMC,60033,12/31/2014,7525034,6835713,1672,687649,159528,1253,149244,9031
EMC,60033,12/31/2015,7880437,7147652,19524,713261,191338,6247,159479,25612
EMC,60033,12/31/2016,8084974,7337919,11267,735788,171311,1286,147498,22527
Nishna Valley,60046,12/31/2018,33849553,30984338,77554,2787661,1502218,53229,1355299,93690
Nishna Valley,60046,12/31/2005,16527426,15158053,32773,1336600,950970,72008,781297,97665
Nishna Valley,60046,12/31/2006,15056294,13578510,70255,1407529,1144525,109632,955340,79553
Nishna Valley,60046,12/31/2007,16774718,15191350,52372,1530996,1306482,176699,1006316,123467
Nishna Valley,60046,12/31/2008,17543144,15835627,76985,1630532,1367635,207470,1060630,99535
Nishna Valley,60046,12/31/2009,19169404,17319940,172958,1676506,1376857,117642,1082899,45975
Nishna Valley,60046,12/31/2010,21845776,19808399,166085,1676506,1465825,99816,1171223,194786
Nishna Valley,60046,12/31/2011,23951444,21748755,158092,2044597,1469188,88340,1207544,173304
Nishna Valley,60046,12/31/2012,25828803,23539376,117019,2172408,1376455,60782,1187862,127811
Nishna Valley,60046,12/31/2013,27968301,25587770,119328,2261203,1328564,46501,1193268,88795
Nishna Valley,60046,12/31/2014,28809537,26341227,115152,2353158,1416099,35155,1288988,91956
Nishna Valley,60046,12/31/2015,30938687,28320387,150045,2468255,1517129,35225,1366807,115097
Nishna Valley,60046,12/31/2016,32959229,30232810,170196,2556223,1504917,47239,1369709,87969
Nishna Valley,60046,12/31/2017,32896319,30074768,127581,2693970,1611341,47794,1425801,137746
University of Iowa Community,60269,12/31/2018,5377351126,4104010825,40331517,470780156,260835252,64250869,105280788,75396351
University of Iowa Community,60269,12/31/2005,460472237,373180869,47143486,40613758,28989275,7840916,15172403,5975956
University of Iowa Community,60269,12/31/2006,544263110,434089020,62782073,47643653,37431520,12832887,17572520,7026113
University of Iowa Community,60269,12/31/2007,619145924,493086929,71724854,54338444,45802932,17153562,21956441,6692929
University of Iowa Community,60269,12/31/2008,772768781,623578325,86376890,62814993,53379784,18982250,25998924,8398610
University of Iowa Community,60269,12/31/2009,897063585,686684739,134718248,75658553,65787441,16836448,31511051,12827226
University of Iowa Community,60269,12/31/2010,1116851101,880246779,141939519,96824464,71255535,16638283,37041274,17575978
University of Iowa Community,60269,12/31/2011,1422342713,1087610399,218864533,118143267,81338844,20016784,40151516,21170544
University of Iowa Community,60269,12/31/2012,1800663843,1438588791,212042594,152366962,102310929,21364512,47059792,33886625
University of Iowa Community,60269,12/31/2013,2161387175,1720909314,259676765,183135600,111137508,23683387,56685548,30768573
University of Iowa Community,60269,12/31/2014,2595752679,2055059983,321142745,221884455,126153355,23918180,63486321,38748854
University of Iowa Community,60269,12/31/2015,3195095197,2566892475,361415621,269121605,147533657,32075965,68220541,47237151
University of Iowa Community,60269,12/31/2016,3902291719,3030077635,548344919,325699312,178900205,40473806,81848693,56577706
University of Iowa Community,60269,12/31/2017,4672408714,3530525770,48120442,395383805,216404779,46397561,92394075,69684492
Federal Employees,60287,12/31/2005,4415659,3684946,9145,721568,246859,7404,209328,30127
Federal Employees,60287,12/31/2006,4127190,3360703,14980,751507,256707,7020,217319,32368
Federal Employees,60287,12/31/2007,4278854,3497574,16846,764434,283494,10194,260003,13297
Federal Employees,60287,12/31/2008,4436381,3637918,14599,783864,256040,10537,226443,19060
Great River Road,60517,12/31/2005,2036160,1597124,1949,437087,95646,33213,56330,6103
Great River Road,60517,12/31/2006,2033812,1591015,1603,441194,101801,39089,58605,4107
Great River Road,60517,12/31/2007,2021303,1571981,1537,447785,111593,49414,55588,6591
Great River Road,60517,12/31/2008,2176161,1724848,1338,449975,108052,49919,55943,2190
Great River Road,60517,12/31/2009,2180689,1724105,1481,455103,117515,41520,56312,5128
Great River Road,60517,12/31/2010,2163846,1706447,1745,455654,92308,31704,60053,551
Great River Road,60517,12/31/2011,2277070,1817895,2196,456979,83743,19439,62979,1325
Great River Road,60517,12/31/2012,2303289,2012609,576,290104,79115,15419,61865,1831
The Hub-Co,60678,12/31/2018,18348865,16506252,53845,1788768,684344,25816,728334,-78217
The Hub-Co,60678,12/31/2005,11984924,10440973,47277,1496674,655330,114204,479921,61205
The Hub-Co,60678,12/31/2006,12151553,10547498,55476,1548579,720254,173582,502017,44655
The Hub-Co,60678,12/31/2007,12780425,10937962,50359,1792104,867900,291977,533227,42696
The Hub-Co,60678,12/31/2008,13607115,11728250,28896,1849969,814188,196661,563724,53803
The Hub-Co,60678,12/31/2009,13701473,11755554,72949,1872970,777374,81017,571253,27116
The Hub-Co,60678,12/31/2010,13908174,12045506,40972,1821696,610446,46161,611966,-47681
The Hub-Co,60678,12/31/2011,13915876,12105929,77082,1732865,557405,39051,601816,-83462
The Hub-Co,60678,12/31/2012,14185036,12352819,77111,1755106,572567,33224,517102,22241
The Hub-Co,60678,12/31/2013,15001034,13175061,78327,1747646,554922,29360,533022,-7460
The Hub-Co,60678,12/31/2014,15636506,13826368,17840,1792298,592413,28902,518859,44652
The Hub-Co,60678,12/31/2015,16969149,15103410,42420,1823319,602059,29699,541339,31021
The Hub-Co,60678,12/31/2016,18082711,16166055,50974,1865682,614381,30114,541904,42363
The Hub-Co,60678,12/31/2017,18848150,16905757,75408,1865682,657948,25061,626614,1302
Iowa Heartland,60718,12/31/2018,22447428,17938495,60919,4448014,899894,17664,778362,101165
Iowa Heartland,60718,12/31/2005,17424563,14063106,23939,3337518,1002480,193755,654337,154388
Iowa Heartland,60718,12/31/2006,16374070,12906291,45966,3421813,975535,232077,658860,84598
Iowa Heartland,60718,12/31/2007,15456692,11914108,47700,3494884,1021076,272325,675680,73071
Iowa Heartland,60718,12/31/2008,16217853,12506200,48751,3662902,1081065,217391,695656,168018
Iowa Heartland,60718,12/31/2009,17739759,13879674,71886,3788199,1136738,176167,737704,120143
Iowa Heartland,60718,12/31/2010,18299805,14346322,46959,3906524,1003023,130928,767887,104208
Iowa Heartland,60718,12/31/2011,19079999,15055637,35943,3988419,963686,95132,786658,81896
Iowa Heartland,60718,12/31/2012,20388015,16288147,38094,4061774,946056,74731,799307,72018
Iowa Heartland,60718,12/31/2013,21515597,17369469,27351,4118777,876705,68994,750708,57003
Iowa Heartland,60718,12/31/2014,21499359,17274629,26557,4198173,841784,38623,723765,79396
Iowa Heartland,60718,12/31/2015,22207678,17943270,30271,4234137,859584,26477,789074,44033
Iowa Heartland,60718,12/31/2016,23583619,19243854,56954,4282811,831863,23793,753840,54230
Iowa Heartland,60718,12/31/2017,22954686,18553233,54603,4346850,866972,17448,781435,64008
The Family,60728,12/31/2018,155867531,133664557,362641,21926034,8446704,546088,6263889,1636057
The Family,60728,12/31/2005,62948586,55370264,311860,7266462,4706046,788870,3257853,659323
The Family,60728,12/31/2006,65514234,57284298,289266,7940670,5040299,1105404,3260685,674210
The Family,60728,12/31/2007,66900434,57776769,392610,8731055,5600771,1336407,3531990,732374
The Family,60728,12/31/2008,79077859,69078187,430682,9568990,5958604,1355670,3769718,833216
The Family,60728,12/31/2009,95463199,84073911,819357,10569931,7099192,1335259,4192730,1000941
The Family,60728,12/31/2010,104759320,92464400,856644,11438276,6854426,1115992,4870089,868345
The Family,60728,12/31/2011,113946733,99994613,1383146,12568974,7010909,880826,4999386,1130697
The Family,60728,12/31/2012,125075836,110242825,1027528,13771504,7146905,748041,5196334,1202530
The Family,60728,12/31/2013,134193636,117766358,1177417,15190338,7104018,596722,5411320,1095976
The Family,60728,12/31/2014,139523637,122159034,733250,16596235,7459000,512202,5547963,1398835
The Family,60728,12/31/2015,144644266,125884414,894801,18030000,7572651,485668,5653219,1433764
The Family,60728,12/31/2016,149634592,129985714,717127,18956986,7407508,501298,5979225,926985
The Family,60728,12/31/2017,154486939,133435985,644648,20289976,7556036,509892,5713155,1332989
Members Choice Community,60827,12/31/2005,35690919,31691315,216796,3782808,2489191,450544,1700849,337798
Members Choice Community,60827,12/31/2006,40858322,35816660,1054788,3986874,2985745,705496,2076185,204064
Members Choice Community,60827,12/31/2007,46987460,42545521,295883,4146056,3699607,1182818,2357606,159183
Members Choice Community,60827,12/31/2008,52851311,48354103,295941,4201267,4062731,1267923,2739597,55211
Members Choice Community,60827,12/31/2009,49073150,44908076,314940,3850134,4115457,1092939,2981257,-351133
Webster City Municipal,61049,12/31/2005,476253,332339,9,143905,36836,5661,29184,1991
Webster City Municipal,61049,12/31/2006,426490,281438,0,145037,34578,4929,28553,1096
Webster City Municipal,61049,12/31/2007,427186,279972,0,147214,34016,5568,26271,2177
Webster City Municipal,61049,12/31/2008,440407,291523,0,148884,29420,2932,24818,1670
Webster City Municipal,61049,12/31/2009,459565,310169,437,148959,28930,2682,24564,75
Webster City Municipal,61049,12/31/2010,483437,334304,-366,149499,27033,3012,22327,1694
Webster City Municipal,61049,12/31/2011,491136,340895,0,150241,25852,1943,23687,222
Webster City Municipal,61049,12/31/2012,497043,346803,0,150240,26675,2140,24013,522
Webster City Municipal,61049,12/31/2013,496743,344949,0,151794,24911,1746,22134,1031
Webster City Municipal,61049,12/31/2014,465997,314203,0,151794,21107,834,20328,-55
Webster City Municipal,61049,12/31/2015,459372,307123,0,152249,19005,797,17697,511
Webster City Municipal,61049,12/31/2016,454250,297120,0,157130,20495,770,14844,4881
Chemical,61218,12/31/2005,8478104,6908194,16618,1553292,447347,88606,277847,80894
Chemical,61218,12/31/2006,8536135,6860535,16430,1659170,506277,118697,281702,105878
Chemical,61218,12/31/2007,9284834,7494082,16854,1773898,580685,162326,303631,114728
Chemical,61218,12/31/2008,10220772,8318285,14856,1887631,611212,178014,319466,113732
Chemical,61218,12/31/2009,11053822,9089559,16802,1947461,550325,131382,291068,57531
Chemical,61218,12/31/2010,11395513,9398984,14652,1981877,441517,95813,311289,34415
Chemical,61218,12/31/2011,11542413,9524951,14178,2003284,418832,62535,334890,21407
Chemical,61218,12/31/2012,12669300,10615230,32422,2021648,428028,50773,358890,18365
Chemical,61218,12/31/2013,13268720,11198436,14965,2055319,434752,40419,360662,33671
Chemical,61218,12/31/2014,13034860,10927727,14409,2092724,417850,34265,346180,37405
A-E Employees,61227,12/31/2005,2857448,2312832,12400,532216,169079,22213,132271,14595
A-E Employees,61227,12/31/2006,2760029,2129973,84413,545643,173428,15893,115985,41550
A-E Employees,61227,12/31/2007,2551973,1968314,13550,570109,186140,13582,130118,42440
A-E Employees,61227,12/31/2008,2513697,1930440,13147,570110,172325,33844,130604,7877
A-E Employees,61227,12/31/2009,2536668,1943898,22660,570110,170565,28950,111557,13827
A-E Employees,61227,12/31/2010,2790233,2200433,19490,570310,137573,21348,116125,100
A-E Employees,61227,12/31/2011,2673185,2078730,24044,570411,140053,18137,121818,98
Davenport Fire Department,61244,12/31/2005,8334255,7221445,365629,747181,570465,157672,399589,13204
Davenport Fire Department,61244,12/31/2006,8282498,7514719,0,767779,579135,204626,353910,20599
Davenport Fire Department,61244,12/31/2007,7973394,7255182,283940,434272,485319,234845,585185,-334711
Clinton County Postal,61247,12/31/2005,1036886,867358,3141,166387,51917,13766,34595,3556
Clinton County Postal,61247,12/31/2006,918849,745234,2761,170854,49975,12152,33356,4467
Clinton County Postal,61247,12/31/2007,881816,703412,3272,175132,50177,10693,35081,4403
Muni-Employees,61360,12/31/2018,693354,597771,4405,91053,26652,508,31392,-5248
Muni-Employees,61360,12/31/2005,751052,668513,3541,78998,45923,6921,38276,726
Muni-Employees,61360,12/31/2006,799808,711735,4607,83466,49439,9050,35389,5000
Muni-Employees,61360,12/31/2007,784363,690816,3478,90069,51997,8286,37108,6603
Muni-Employees,61360,12/31/2008,729132,628625,4594,95913,45353,4577,34932,5844
Muni-Employees,61360,12/31/2009,703605,600150,5766,97689,40947,1346,36875,1778
Muni-Employees,61360,12/31/2010,706818,602235,5445,99138,39111,1345,36317,1449
Muni-Employees,61360,12/31/2011,746222,644207,5127,96888,34272,609,35911,-2248
Muni-Employees,61360,12/31/2012,757057,657637,5150,94270,31142,523,33237,-2618
Muni-Employees,61360,12/31/2013,767703,671242,3901,92560,31208,364,32554,-1710
Muni-Employees,61360,12/31/2014,750743,654173,4001,92569,30306,776,29521,9
Muni-Employees,61360,12/31/2015,701570,602051,5206,94313,31927,917,29265,1745
Muni-Employees,61360,12/31/2016,698516,597758,4914,95844,31427,826,29071,1530
Muni-Employees,61360,12/31/2017,715158,614207,4624,96302,29409,735,28216,458
Lee County,61393,12/31/2018,3417611,2627647,2685,787203,182669,15418,120552,46699
LeeCo,61393,12/31/2005,2276630,1924538,1327,350765,157674,35121,100145,22408
LeeCo,61393,12/31/2006,1983740,1596181,1313,386246,153773,26413,98009,29351
LeeCo,61393,12/31/2007,1940713,1534246,1202,405265,140747,32100,89628,19019
LeeCo,61393,12/31/2008,1923085,1500319,1558,421208,131061,28142,86977,15942
LeeCo,61393,12/31/2009,1965773,1541519,1525,422729,122357,16991,91184,1549
LeeCo,61393,12/31/2010,2009672,1579613,1481,428578,109420,8524,95047,5849
LeeCo,61393,12/31/2011,2059587,1620444,1819,437324,118924,8813,101363,8748
LeeCo,61393,12/31/2012,2972319,2465632,1062,505625,174104,11371,149261,13472
LeeCo,61393,12/31/2013,3283972,2715742,2498,565732,192482,15499,116876,60107
LeeCo,61393,12/31/2014,3412767,2782152,2733,627882,195234,15456,117628,62150
LeeCo,61393,12/31/2015,3623474,2932391,3427,687656,200748,16837,124137,59774
LeeCo,61393,12/31/2016,3942846,3222927,2472,717447,177222,17375,130092,29755
LeeCo,61393,12/31/2017,3649382,2906388,2353,740504,174800,16894,134850,23056
Three I,61545,12/31/2005,7992534,6919689,33525,1039320,496745,60711,426000,10034
Three I,61545,12/31/2006,7347689,6224844,37621,1085224,524408,67783,410720,45905
Three I,61545,12/31/2007,7570167,6373268,48748,1148151,561171,83126,415118,62927
Three I,61545,12/31/2008,7964874,6765992,37948,1160934,521296,82370,426144,12782
Three I,61545,12/31/2009,8106360,6919355,45663,1141342,470459,58926,385361,-19691
Three I,61545,12/31/2010,7611469,6592442,36858,982169,348143,37189,469275,-158321
Three I,61545,12/31/2011,7490934,6670038,9843,811053,278928,20072,429972,-171116
Three I,61545,12/31/2012,7831919,7080943,25080,725896,382194,11756,429471,-59033
Three I,61545,12/31/2013,7382551,6872592,24938,485021,360393,9868,591400,-240875
Three I,61545,12/31/2014,6917538,6549721,27741,340076,318309,8336,449415,-139442
River Valley,61664,12/31/2018,70204313,55199328,103035,7727944,2343512,202102,1606937,509752
River Valley,61664,12/31/2005,27950810,24011129,590094,3349587,1725859,357661,1167866,200332
River Valley,61664,12/31/2006,30762367,26590878,595905,3575584,1964969,504686,1234286,225997
River Valley,61664,12/31/2007,35775192,31214438,707622,3853132,2239709,638548,1323613,277548
River Valley,61664,12/31/2008,36773164,32111063,703143,3958958,2286801,644907,1536069,105825
River Valley,61664,12/31/2009,41655185,36528880,718068,4408237,2548390,490007,1503982,449279
River Valley,61664,12/31/2010,45238450,40339373,137063,4762014,2309222,372159,1583286,353777
River Valley,61664,12/31/2011,47341663,42170439,135286,5035938,2056587,279005,1503659,273923
River Valley,61664,12/31/2012,48754393,43208048,110581,5435764,1993286,165229,1428230,399827
River Valley,61664,12/31/2013,50418103,44524672,106945,5786486,1905306,127738,1426846,350722
River Valley,61664,12/31/2014,51878703,45651790,111087,6115826,1871374,124143,1417891,329340
River Valley,61664,12/31/2015,56119191,49540479,118513,6460199,1940307,125540,1470394,344373
River Valley,61664,12/31/2016,59945256,52989771,128102,6827383,2063378,134796,1561399,367183
River Valley,61664,12/31/2017,62608697,55212725,174815,7218194,2108544,160020,1557713,390811
Davenport Police Department,61691,12/31/2018,4134241,3542308,9517,582416,122388,3711,99415,8487
Davenport Police Department,61691,12/31/2005,2621716,2120261,5441,496014,115048,36093,69452,9503
Davenport Police Department,61691,12/31/2006,2696185,2181455,7779,506951,140536,45908,83691,10937
Davenport Police Department,61691,12/31/2007,2730279,2206754,6173,517352,158424,61607,86417,10400
Davenport Police Department,61691,12/31/2008,3014241,2479836,5853,528552,153405,54641,87564,11200
Davenport Police Department,61691,12/31/2009,3241284,2697826,8164,535294,167425,46062,94978,6742
Davenport Police Department,61691,12/31/2010,3712050,3185536,6466,520048,140568,39669,116144,-15245
Davenport Police Department,61691,12/31/2011,3625776,3094194,7561,524021,136146,27566,104608,3972
Davenport Police Department,61691,12/31/2012,3681630,3138617,9987,533026,127255,17019,101233,9003
Davenport Police Department,61691,12/31/2013,3880752,3336387,5912,538453,110608,12814,92367,5427
Davenport Police Department,61691,12/31/2014,3800765,3246240,8072,546453,109532,10618,90914,8000
Davenport Police Department,61691,12/31/2015,4140757,3573240,10023,557494,117861,10765,96055,11041
Davenport Police Department,61691,12/31/2016,4265446,3688703,10455,566288,112320,10331,93195,8794
Davenport Police Department,61691,12/31/2017,4093047,3506429,11920,574698,112427,2516,94674,8410
Consumers,61917,12/31/2005,4097863,3566363,36156,495344,346922,65314,260715,20893
Consumers,61917,12/31/2006,4237262,3679861,39513,517888,376225,92734,260947,22544
Consumers,61917,12/31/2007,4503071,3925482,37393,540196,394675,108424,263943,22308
Consumers,61917,12/31/2008,4513155,3889172,49841,574142,399335,81447,283940,33948
Consumers,61917,12/31/2009,4910645,4259953,36552,614140,410482,45749,318902,39997
Consumers,61917,12/31/2010,4528895,3824320,43278,661297,418884,29788,341938,47158
Consumers,61917,12/31/2011,5288631,4551745,46402,690484,404234,26809,348240,29185
Consumers,61917,12/31/2012,5304458,4558711,28567,717180,381729,22248,332784,26697
Consumers,61917,12/31/2013,5382899,4590045,42092,750762,388285,7467,347236,33582
Consumers,61917,12/31/2014,5826263,4992723,33260,800280,425111,7718,367875,49518
Consumers,61917,12/31/2015,6214095,5340282,30021,843792,409849,11331,350924,47594
Consumers,61917,12/31/2016,6606108,5695970,24536,885602,414599,11607,361183,41809
Consumers,61917,12/31/2017,6698635,5748939,25582,924114,405183,3649,353725,38513
Midland,61918,12/31/2018,53209209,45814034,265725,7129450,2919135,309521,2500726,108888
Midland,61918,12/31/2005,31449775,26253373,130800,5065602,2088129,475941,1305825,306363
Midland,61918,12/31/2006,33109876,27490130,177767,5441979,2369921,586113,1407431,376377
Midland,61918,12/31/2007,32815208,26956297,194491,5664420,2605018,749724,1632852,222442
Midland,61918,12/31/2008,33692170,28034626,135192,5522352,2343616,611654,1874030,-142068
Midland,61918,12/31/2009,35642357,29852419,152131,5637807,2342964,419334,1716922,115454
Midland,61918,12/31/2010,34910474,29043745,181596,5685133,2062696,267569,1747852,47275
Midland,61918,12/31/2011,37112089,31077475,234398,5800216,2064125,215245,1733795,115085
Midland,61918,12/31/2012,39385102,33318162,237762,5829178,2023071,161547,1832562,28962
Midland,61918,12/31/2013,41722479,35245051,254229,6223199,2157653,136549,1857864,163240
Midland,61918,12/31/2014,44056484,37478569,208412,6369503,2109651,129450,1833894,146307
Midland,61918,12/31/2015,47411694,40629446,261497,6520751,2271471,121697,1998527,151247
Midland,61918,12/31/2016,50883193,43927791,257706,6697696,2303229,127629,1998654,176946
Midland,61918,12/31/2017,52237260,44941255,275443,7020562,2773647,174297,2276484,322866
United Service Community,61919,12/31/2005,24640490,20824361,1017887,2798242,1355103,251564,1012329,91210
United Service Community,61919,12/31/2006,22395664,19347140,157246,2891278,1381217,325366,962815,93036
United Service Community,61919,12/31/2007,22892231,19639548,218924,3033759,1548890,380625,1025784,142481
United Service Community,61919,12/31/2008,25389552,22012026,179146,3198380,1612930,404774,1043535,164621
United Service Community,61919,12/31/2009,28050698,24422467,219397,3408834,1786033,378647,945996,210453
United Service Community,61919,12/31/2010,33604531,29983133,327190,3294208,1613216,390677,1337164,-114625
United Service Community,61919,12/31/2011,35378334,32187988,281912,2908434,1525144,340044,1070875,114225
United Service Community,61919,12/31/2012,39473499,36270357,266445,2936697,1385916,276788,1080864,28264
United Service Community,61919,12/31/2013,39378361,35975929,196065,3206367,1456134,160510,1025955,269669
United Service Community,61919,12/31/2014,39463604,35571151,262824,3629629,1489311,116255,1042490,330566
Power Co-op Employees,61920,12/31/2018,34684221,28022828,39702,6621641,1438982,251496,528437,658534
Power Co-op Employees,61920,12/31/2005,13523963,11713606,14730,1795627,678453,279445,233884,165124
Power Co-op Employees,61920,12/31/2006,12024832,10076990,13704,1934138,737617,338685,260421,138511
Power Co-op Employees,61920,12/31/2007,12682757,10604151,13149,2065457,806370,414894,260157,131319
Power Co-op Employees,61920,12/31/2008,16151594,13886071,16376,2249147,881572,415338,282544,183690
Power Co-op Employees,61920,12/31/2009,19494159,16994627,22846,2476686,1087099,376225,389292,227539
Power Co-op Employees,61920,12/31/2010,22737505,19892141,66201,2779163,1007590,282779,422335,302476
Power Co-op Employees,61920,12/31/2011,25211725,22011437,63510,3136778,1024363,199326,467423,357614
Power Co-op Employees,61920,12/31/2012,26700899,23161473,70896,3468530,999667,207405,465943,326319
Power Co-op Employees,61920,12/31/2013,28668536,24805840,64465,3798231,975806,216745,429364,329697
Power Co-op Employees,61920,12/31/2014,29945473,25694678,106038,4144757,1000423,219134,434763,346526
Power Co-op Employees,61920,12/31/2015,30292348,25522788,34632,4734928,1136138,228875,358444,548819
Power Co-op Employees,61920,12/31/2016,31721587,26352856,37334,5331397,1170921,218394,356059,596468
Power Co-op Employees,61920,12/31/2017,34271225,28271155,36913,5963107,1309900,246062,434771,629067
DuPont Employees,62429,12/31/2018,3829505,3176492,2574,650439,111685,26402,67164,18119
DuPont Employees,62429,12/31/2005,3232639,2733283,2040,497316,131007,44721,51413,34873
DuPont Employees,62429,12/31/2006,2726547,2190125,3035,533387,131273,43328,51873,36072
DuPont Employees,62429,12/31/2007,2426464,1868851,4065,553548,127865,55340,52363,20162
DuPont Employees,62429,12/31/2008,2527287,1957354,1854,568079,121373,53882,52961,14530
DuPont Employees,62429,12/31/2009,2734343,2154460,2869,577014,129466,43896,60092,8935
DuPont Employees,62429,12/31/2010,2925797,2341953,4266,579578,105331,33895,68873,2563
DuPont Employees,62429,12/31/2011,3060811,2480643,3462,576706,101909,26409,78371,-2871
DuPont Employees,62429,12/31/2012,3289060,2707615,2839,578606,96780,18219,76657,1904
DuPont Employees,62429,12/31/2013,3296301,2709918,2849,583534,94849,10748,79173,4928
DuPont Employees,62429,12/31/2014,3207914,2614958,2489,590467,97964,22252,69364,6348
DuPont Employees,62429,12/31/2015,3397463,2792113,2382,602968,100606,24559,63546,12501
DuPont Employees,62429,12/31/2016,3629147,3010603,2484,616060,93742,16685,63965,13092
DuPont Employees,62429,12/31/2017,3814098,3179214,2562,632322,100685,17675,66750,16260
North Star Community,62638,12/31/2018,90503948,79870819,281035,10244417,4227084,634018,2908003,675873
North Star Community,62638,12/31/2005,44459841,39876137,157365,4434635,2642644,887151,1610446,145047
North Star Community,62638,12/31/2006,41293391,36548861,196511,4552516,2797654,1053973,1625801,117880
North Star Community,62638,12/31/2007,40911301,35974185,171635,4766587,3000558,1048108,1738378,214072
North Star Community,62638,12/31/2008,45060594,39812174,157266,5111782,3185907,1039519,1801194,345194
North Star Community,62638,12/31/2009,53501127,47780124,134533,5574724,3322733,908999,1883050,462943
North Star Community,62638,12/31/2010,58559348,52335200,204071,5976417,3449044,731645,2315706,401693
North Star Community,62638,12/31/2011,66891956,59798468,343934,6623958,3403948,647971,2256667,499310
North Star Community,62638,12/31/2012,74109575,66512359,346358,7081936,3383831,611298,2314555,457978
North Star Community,62638,12/31/2013,77279263,69401887,331254,7503069,3280798,513176,2346489,421133
North Star Community,62638,12/31/2014,81453087,73214318,353761,7800995,3089890,443373,2348592,297925
North Star Community,62638,12/31/2015,82724355,73891228,321710,8400094,3338804,423745,2315960,599099
North Star Community,62638,12/31/2016,83646427,74191905,362851,8987189,3338792,458937,2292759,587096
North Star Community,62638,12/31/2017,85245074,75203920,360215,9568545,3626189,490668,2554163,581358
Members Community,62683,12/31/2018,59014836,47361300,1039687,6110356,3547358,240084,2807503,465301
Members Community,62683,12/31/2005,30748286,27417969,439498,2967747,2104764,402927,1563518,138319
Members Community,62683,12/31/2006,31904403,28408433,302716,3232182,2493941,561397,1668109,264435
Members Community,62683,12/31/2007,33662443,29985519,304918,3365340,2666560,738056,1795347,133157
Members Community,62683,12/31/2008,36144583,32733224,335218,3399602,2690940,777201,1879478,34261
Members Community,62683,12/31/2009,39755122,35675292,399652,3561121,2713081,601453,1901223,161520
Members Community,62683,12/31/2010,44289707,38617310,1891449,3671364,2722813,535577,2076993,110243
Members Community,62683,12/31/2011,47630381,41092397,2561536,3891449,2661673,424282,2017306,220085
Members Community,62683,12/31/2012,46522167,41515008,868133,4073031,2504580,361685,1961313,181582
Members Community,62683,12/31/2013,49276989,43096294,1946539,4220338,2626697,274857,2204534,147306
Members Community,62683,12/31/2014,51334241,45384504,1465871,4477288,2862510,251122,2354437,256951
Members Community,62683,12/31/2015,53751844,46011363,2894664,4838528,2998820,230667,2406914,361239
Members Community,62683,12/31/2016,56010402,48559270,2200073,5244106,3046999,209019,2432402,405578
Members Community,62683,12/31/2017,57481461,49317750,1512190,5645055,3180960,202039,2562556,400949
Ace Community,62795,12/31/2005,25409232,20610727,122512,4675993,1492954,207930,929194,355830
Ace Community,62795,12/31/2006,25661367,20445077,86204,5130086,1717141,259923,1003127,454091
Ace Community,62795,12/31/2007,27204116,21519063,115908,5569145,1807606,301237,1064119,442250
Ace Community,62795,12/31/2008,28954908,22956826,145991,5852091,1636682,257348,1099580,279754
Ace Community,62795,12/31/2009,31985584,25851289,147662,5986633,1628377,186034,1121162,134544
Ace Community,62795,12/31/2010,33167938,26977590,149517,6040831,1389082,150550,1184334,54198
Ace Community,62795,12/31/2011,32324634,26107198,170098,6047338,1291782,99602,1185674,6506
Ace Community,62795,12/31/2012,34584206,28353329,182047,6048830,1197987,58635,1116895,22457
Ace Community,62795,12/31/2013,34065639,27858921,163645,6043073,1054029,45939,1036460,-28370
Affinity,62829,12/31/2018,114653845,102356712,1712362,10397151,8920876,187197,7829005,414732
Affinity,62829,12/31/2005,48160265,42965307,669154,4531833,3195624,523119,2409322,263183
Affinity,62829,12/31/2006,48768646,42968961,783428,5019767,3557968,661615,2408418,487935
Affinity,62829,12/31/2007,49439377,43349138,683625,5326835,3898583,841821,2749694,307068
Affinity,62829,12/31/2008,57371671,51331063,762870,5203983,4239189,778481,3583561,-122853
Affinity,62829,12/31/2009,65481652,58751992,686777,6274925,5259193,774286,3660803,778692
Affinity,62829,12/31/2010,68866619,61096979,1504445,6236677,4625080,571651,3799427,254002
Affinity,62829,12/31/2011,66005585,57651950,2037160,6347559,4235412,397629,3726901,110882
Affinity,62829,12/31/2012,69330349,61723098,1234501,6403834,3966600,241860,3668465,56275
Affinity,62829,12/31/2013,73144086,65118078,1364321,6613641,4131372,172916,3748650,209806
Affinity,62829,12/31/2014,81210366,70560819,3298481,7285341,4831567,153186,4006681,671700
Affinity,62829,12/31/2015,92792863,83034392,1507912,8184834,5363337,317252,4133543,912542
Affinity,62829,12/31/2016,95869416,83834738,2556576,9409836,6233846,475694,4533151,1225001
Affinity,62829,12/31/2017,111237289,98253014,2241234,10582419,7334172,171649,5732345,1172583
Ashworth,62857,12/31/2005,4765000,3481556,502449,780995,190590,61291,82300,46999
Ashworth,62857,12/31/2006,4052716,3243334,8814,800568,205519,93680,92266,19573
Ashworth,62857,12/31/2007,4018110,3175509,13079,829522,233853,85117,119782,28954
Ashworth,62857,12/31/2008,4024448,3138541,8488,877419,220744,68687,104161,47896
Ashworth,62857,12/31/2009,4735505,3834895,3954,896656,214093,63228,126621,19237
Ashworth,62857,12/31/2010,5180123,4270285,4024,905814,214640,56130,149352,9158
Ashworth,62857,12/31/2011,6205412,5287377,3655,914380,197805,57059,132180,8566
Ashworth,62857,12/31/2012,6373771,5429731,2784,941256,190354,28458,135019,26877
Ashworth,62857,12/31/2013,6745358,5784403,2866,958089,167947,8429,142685,16833
Chicago Central and Commerce,62871,12/31/2018,6742671,5214756,74503,1451789,327509,51448,271467,4594
Chicago Central and Commerce,62871,12/31/2005,8009212,6690089,119969,1199154,443456,126496,308982,7978
Chicago Central and Commerce,62871,12/31/2006,7896296,6511618,133715,1250963,517731,178323,287600,51808
Chicago Central and Commerce,62871,12/31/2007,7714540,6289069,143738,1281733,549467,220085,298612,30770
Chicago Central and Commerce,62871,12/31/2008,7663124,6214515,150082,1298527,484195,160934,306467,16794
Chicago Central and Commerce,62871,12/31/2009,7690472,6222413,159398,1308661,466387,105494,301546,10133
Chicago Central and Commerce,62871,12/31/2010,7529328,6030194,186061,1313073,402521,59887,338222,4412
Chicago Central and Commerce,62871,12/31/2011,7031287,5525466,191939,1313882,339286,42055,296422,809
Chicago Central and Commerce,62871,12/31/2012,7009763,5502281,174879,1332603,319397,44167,256509,18721
Chicago Central and Commerce,62871,12/31/2013,7156939,5645726,154539,1356674,300041,40314,235655,24072
Chicago Central and Commerce,62871,12/31/2014,7429266,5913734,133887,1381645,310333,37601,253179,19553
Chicago Central and Commerce,62871,12/31/2015,7045373,5510810,119015,1415548,357880,32560,291416,33904
Chicago Central and Commerce,62871,12/31/2016,6532897,4994150,103873,1434874,297096,32128,245642,19326
Chicago Central and Commerce,62871,12/31/2017,6856429,5320182,87691,1447195,301732,37629,251782,12321
Capitol View,62878,12/31/2018,36428108,30642105,161201,5624802,1695694,180439,1262779,252476
Capitol View,62878,12/31/2005,17038602,14835111,14681,2188810,1113743,245468,588194,280081
Capitol View,62878,12/31/2006,17954386,15393689,33844,2526853,1346492,368667,652089,325736
Capitol View,62878,12/31/2007,19435408,16492633,38586,2904189,1584393,475649,731409,377335
Capitol View,62878,12/31/2008,20786988,17404357,53498,3329133,1624540,380678,818918,424944
Capitol View,62878,12/31/2009,25338940,19548857,2091871,3698212,1650345,288539,863680,364728
Capitol View,62878,12/31/2010,24901604,20832585,95016,3974003,1523210,221935,1025484,275791
Capitol View,62878,12/31/2011,25752091,21682060,2875,4067156,1444546,203601,1147792,93153
Capitol View,62878,12/31/2012,28574132,24277846,85934,4210352,1350340,184808,1022336,143196
Capitol View,62878,12/31/2013,30181117,25706801,78198,4396118,1358405,154616,1018023,185766
Capitol View,62878,12/31/2014,31161440,25975006,590258,4596176,1404336,136613,1067665,200058
Capitol View,62878,12/31/2015,32071927,26571801,610800,4889326,1492758,123870,1075738,293150
Capitol View,62878,12/31/2016,33354948,28122503,136566,5095879,1510776,131452,1172771,206553
Capitol View,62878,12/31/2017,34409541,28882079,155138,5372324,1586864,145930,1164488,276446
Members 1st Community,62918,12/31/2018,169759406,150076516,1539437,18143453,7228650,430644,5446777,1351229
Members 1st Community,62918,12/31/2005,92874356,81608325,121063,11144968,5287160,1220011,3723401,343748
Members 1st Community,62918,12/31/2006,102345608,90545832,154303,11645473,5926140,1729229,3696406,500505
Members 1st Community,62918,12/31/2007,115986829,103333701,125735,12527393,7312107,2790447,3639740,881920
Members 1st Community,62918,12/31/2008,119350264,105758572,532021,13059671,6943239,2481999,3928962,532278
Members 1st Community,62918,12/31/2009,139789421,126283897,327785,13177739,7032388,1955971,4081357,118068
Members 1st Community,62918,12/31/2010,139487528,125798934,318803,13369791,6123047,1496915,4434081,192051
Members 1st Community,62918,12/31/2011,139844805,126144999,258362,13441444,5200566,904533,4224380,71653
Members 1st Community,62918,12/31/2012,146061027,131878075,369000,13813952,4802949,656667,3773773,372509
Members 1st Community,62918,12/31/2013,145473792,131250405,254713,13968674,4268403,465789,3647892,154722
Members 1st Community,62918,12/31/2014,145364264,130948752,289714,14125798,4250600,279752,3813724,157124
Members 1st Community,62918,12/31/2015,150023984,134388107,874233,14761644,5510929,233170,4641913,635846
Members 1st Community,62918,12/31/2016,156447289,139586665,1107135,15753489,5499103,241071,4266187,991845
Members 1st Community,62918,12/31/2017,162935375,145116613,1026199,16792563,6152522,317282,4796139,1039073
Financial Plus,62965,12/31/2018,171160676,149799680,1211461,20317073,6280941,413779,4848844,1018318
Financial Plus,62965,12/31/2005,62351161,55070144,423200,6857817,4544085,666187,3278767,599131
Financial Plus,62965,12/31/2006,63065027,55167185,485327,7412515,4999488,940257,3504532,554699
Financial Plus,62965,12/31/2007,63254342,54750186,418265,8085891,5102205,1139602,3289226,673377
Financial Plus,62965,12/31/2008,68528542,59985372,415727,8127443,4593778,1066659,3485568,41551
Financial Plus,62965,12/31/2009,77195707,68767126,797921,7630660,4057910,849072,3197828,-496782
Financial Plus,62965,12/31/2010,83997483,75187296,753654,8056533,4294322,709767,3158682,425873
Financial Plus,62965,12/31/2011,95296062,85809372,687924,8798766,4333960,690543,2901184,742233
Financial Plus,62965,12/31/2012,108296946,98196441,539638,9560867,4016814,664940,2955300,396574
Financial Plus,62965,12/31/2013,115856780,104917598,535452,10403730,4516136,578936,3094337,842863
Financial Plus,62965,12/31/2014,161620480,144392180,511534,16780277,4816962,544647,3504099,768216
Financial Plus,62965,12/31/2015,167593648,149118018,863800,17792740,6093392,545649,4535281,1012462
Financial Plus,62965,12/31/2016,167367659,148338840,1071775,18104540,5820661,466490,5042372,311799
Financial Plus,62965,12/31/2017,172487538,151367883,1908961,19298755,6194424,415662,4584548,1194214
Collins Community,62969,12/31/2018,1314874535,977782688,11753149,102587300,64231928,3568912,46043500,3799094
Collins Community,62969,12/31/2005,370401297,324829439,4541392,41438558,22653449,4851367,14551705,3250377
Collins Community,62969,12/31/2006,408603682,357378392,5372370,46282913,26783755,7221874,14717526,4844355
Collins Community,62969,12/31/2007,457882960,405907218,6583978,49824578,30907569,10594290,16771613,3541666
Collins Community,62969,12/31/2008,488081282,430939236,12302621,52608283,32573832,10238726,19551402,2783704
Collins Community,62969,12/31/2009,544990207,485531822,8212881,56491717,36747278,8439500,20954766,3883434
Collins Community,62969,12/31/2010,619145078,542022499,20697895,61786027,35710784,8049154,22367320,5294310
Collins Community,62969,12/31/2011,685388554,612552288,12452387,66618708,36986258,8034650,24118927,4832681
Collins Community,62969,12/31/2012,726954558,629565743,33689328,69729834,39459386,7210406,29137854,3111126
Collins Community,62969,12/31/2013,737998489,658254171,7564688,75684335,39548247,5595987,27997759,5954501
Collins Community,62969,12/31/2014,825621181,697346761,49371416,83589752,39288855,5233722,27661137,6393996
Collins Community,62969,12/31/2015,924526374,741938117,98293139,88918909,42965624,4867670,32768800,5329154
Collins Community,62969,12/31/2016,1079265954,902869078,86632958,93735967,48785327,6127393,37714406,4943528
Collins Community,62969,12/31/2017,1086498605,950102166,14832500,98787262,57584083,1454987,40987154,6487261
Bent River Community,62974,12/31/2005,13761327,11929375,61860,1770092,684734,219153,414184,51397
Bent River Community,62974,12/31/2006,13300869,11440577,42237,1818055,754022,304726,401333,47963
Bent River Community,62974,12/31/2007,13331179,11360018,112413,1858748,834487,355213,438596,40678
Bent River Community,62974,12/31/2008,17584752,14916806,97486,2570460,991538,368070,597612,25856
Bent River Community,62974,12/31/2009,19012711,16597000,114110,2301601,945140,311154,819087,-208011
Bent River Community,62974,12/31/2010,20034833,17481448,82944,2385057,910382,208463,615775,86144
Bent River Community,62974,12/31/2011,21606340,18975598,123137,2507605,886347,171642,675811,38894
Bent River Community,62974,12/31/2012,22424824,19795675,71805,2557344,862605,126895,689211,46499
Bent River Community,62974,12/31/2013,22830396,20244873,87884,2497639,842634,93944,814409,-65719
Bent River Community,62974,12/31/2014,23394044,21013063,-115906,2496887,945488,70078,876163,-753
Bent River Community,62974,12/31/2015,24198332,21557503,126396,2514433,1030238,80739,931952,17547
Bent River Community,62974,12/31/2016,19679503,15977763,1100567,2601173,1116857,92047,912665,112145
Bent River Community,62974,12/31/2017,18767153,15748740,157717,2593695,911049,108099,775408,17810
1st Gateway,63124,12/31/2018,147876429,114693090,530144,16547409,7901358,313506,5362751,1295000
1st Gateway,63124,12/31/2005,45860286,38702283,2647850,4510153,2950850,642459,1915105,393286
1st Gateway,63124,12/31/2006,49396048,42095201,2392441,4908406,3345575,875988,2071334,398253
1st Gateway,63124,12/31/2007,53915029,44732323,3863905,5318801,3852206,1184797,2257014,410395
1st Gateway,63124,12/31/2008,58127574,46094918,6405025,5627631,3981457,1099348,2671905,210204
1st Gateway,63124,12/31/2009,66995715,58111856,2876679,6007180,4314249,997379,2553879,379548
1st Gateway,63124,12/31/2010,75818339,66858213,2337191,6622935,4402794,938914,2848141,615739
1st Gateway,63124,12/31/2011,80475885,68221461,5055413,7199011,4671151,669945,3424884,576322
1st Gateway,63124,12/31/2012,85378299,74181606,2851449,8345244,4895489,543202,3474787,877500
1st Gateway,63124,12/31/2013,90542443,75795802,5326397,9420244,5109945,465979,3568966,1075000
1st Gateway,63124,12/31/2014,105905806,87533261,7892301,10480244,5823827,528795,4235032,1060000
1st Gateway,63124,12/31/2015,124655100,104307804,7959887,12387409,6780119,715515,4784604,1280000
1st Gateway,63124,12/31/2016,132957544,108183688,10906447,13867409,7059190,834457,4744733,1480000
1st Gateway,63124,12/31/2017,137624186,112034490,513239,15252409,7260143,288654,4814633,1385000
Fort Dodge Family,63159,12/31/2018,29665289,25707596,236593,3721100,1704631,270635,1174019,237096
Fort Dodge Family,63159,12/31/2005,8777570,7621492,42700,1113378,806053,150516,452637,202900
Fort Dodge Family,63159,12/31/2006,8783372,7468268,40755,1274349,865906,181328,523606,160972
Fort Dodge Family,63159,12/31/2007,9979273,8373838,53574,1551861,982773,231709,473552,277512
Fort Dodge Family,63159,12/31/2008,11285008,9480972,67260,1736776,1075926,257250,633760,184916
Fort Dodge Family,63159,12/31/2009,15989702,14069636,69860,1850206,1113831,270606,664322,93773
Fort Dodge Family,63159,12/31/2010,18264173,16107848,80379,2075946,1139078,299518,621653,217907
Fort Dodge Family,63159,12/31/2011,20938854,18688887,104067,2145900,1210939,265115,875872,69952
Fort Dodge Family,63159,12/31/2012,21896694,19385921,100904,2409869,1229489,250513,715007,263969
Fort Dodge Family,63159,12/31/2013,22930347,20143058,111283,2676006,1183012,229836,687041,266135
Fort Dodge Family,63159,12/31/2014,24720377,21712370,123246,2884761,1149982,212058,729166,208758
Fort Dodge Family,63159,12/31/2015,26218999,22895824,151983,3171192,1243521,217437,739652,286432
Fort Dodge Family,63159,12/31/2016,28510265,24973088,208822,3328355,1343880,235902,943998,163980
Fort Dodge Family,63159,12/31/2017,29328580,25563648,280928,3484004,1571169,246963,1153717,155650
Telco Triad Community,63218,12/31/2018,91482049,80815265,267304,11409510,4698387,127037,4001048,350965
Telco Triad Community,63218,12/31/2005,53804383,45915123,397305,7491955,3808142,614068,3020377,173697
Telco Triad Community,63218,12/31/2006,55451913,47032341,540811,7878761,4428983,821252,3220925,386806
Telco Triad Community,63218,12/31/2007,57211601,48099635,735156,8376810,5057540,1082018,3349604,625918
Telco Triad Community,63218,12/31/2008,60139868,51066451,1030052,8043365,5138391,1098241,3714506,325644
Telco Triad Community,63218,12/31/2009,65842797,56458566,805621,8578610,5128395,765875,3744374,535245
Telco Triad Community,63218,12/31/2010,71276880,61888187,621549,8767144,4427357,544666,3832666,50025
Telco Triad Community,63218,12/31/2011,75000012,65528217,644072,8827723,4163929,387668,3694849,81412
Telco Triad Community,63218,12/31/2012,71991844,62825736,327953,8838155,3859285,256751,3593738,8796
Telco Triad Community,63218,12/31/2013,72415678,63102958,268479,9288004,3550168,183338,3252558,114272
Telco Triad Community,63218,12/31/2014,75116922,65413755,246559,9694954,3615258,128850,3079458,406950
Telco Triad Community,63218,12/31/2015,84753191,75127699,310045,10031231,4147460,177942,3633242,336276
Telco Triad Community,63218,12/31/2016,85062616,74775585,320486,10736973,4720649,274586,3921930,524133
Telco Triad Community,63218,12/31/2017,89629228,78977241,279714,11058546,4324613,121809,3732107,321572
Ascentra,63268,12/31/2018,405453244,332874117,9765059,44312334,25482229,661242,20872092,2022432
Ascentra,63268,12/31/2005,146862894,117119090,17980259,11763545,11205360,2345611,7656781,1202968
Ascentra,63268,12/31/2006,144353513,113205373,18156125,12992888,12238177,2707325,8301509,1229343
Ascentra,63268,12/31/2007,145489886,108315583,23109601,14064702,12685726,2731447,8882465,1071814
Ascentra,63268,12/31/2008,157714409,119014734,23726382,14902476,13094424,2730805,9525845,837774
Ascentra,63268,12/31/2009,195312599,136286559,42881260,16086406,15016355,2311052,10577298,1183929
Ascentra,63268,12/31/2010,236169713,192664675,22206285,21803401,18325379,2202713,14310025,1812641
Ascentra,63268,12/31/2011,257136455,206893730,26549975,24008344,18929502,1882959,14841601,2204942
Ascentra,63268,12/31/2012,276363849,223818802,25208204,27654804,19612733,1543661,14422612,3646460
Ascentra,63268,12/31/2013,328170234,259832954,35458189,33355394,22882561,1317428,16465267,5099866
Ascentra,63268,12/31/2014,341944458,271689141,34429839,36098761,20864458,1356213,16764878,2743367
Ascentra,63268,12/31/2015,369221598,292576240,38979352,37964600,21210352,1374641,17969872,1865839
Ascentra,63268,12/31/2016,394426524,314124619,40686450,39922756,23602689,1715006,19929526,1958157
Ascentra,63268,12/31/2017,409300804,334499883,9438446,42289901,24116458,663366,19187052,2367147
Employees,63299,12/31/2018,97494304,75874485,478981,21106464,4772825,1145437,2264801,1321979
Employees,63299,12/31/2005,43368634,33201788,3003365,7163666,2281505,762487,992129,526889
Employees,63299,12/31/2006,44763637,33136480,4008481,7620865,2742230,1098175,1165333,478722
Employees,63299,12/31/2007,50553109,38116014,4198026,8239069,3155826,1426224,1111397,618205
Employees,63299,12/31/2008,60169433,44050254,7120556,8998623,3405533,1296529,1349449,759555
Employees,63299,12/31/2009,70945867,54017474,7115979,9812414,3301992,1103572,1308389,813790
Employees,63299,12/31/2010,72392619,57773807,3960032,10658780,3016671,845126,1417773,753772
Employees,63299,12/31/2011,74799685,59375482,3933972,11490231,2882408,572932,1478026,831450
Employees,63299,12/31/2012,75919357,59753077,3694024,12472256,2997922,425102,1590797,982023
Employees,63299,12/31/2013,79042569,61649272,3702549,13690748,3156470,413097,1524881,1218492
Employees,63299,12/31/2014,83744460,65109757,3717107,14917596,3335100,399968,1708284,1226848
Employees,63299,12/31/2015,85982836,66359182,3104165,16519489,3672494,420094,1650506,1601894
Employees,63299,12/31/2016,89808852,69538510,2125722,18144620,3882750,481848,1775773,1625129
Employees,63299,12/31/2017,93937316,72022670,106288,19784485,4300270,672412,1887639,1639865
NW IOWA,63399,12/31/2018,50127377,43688861,31045,6384703,2003504,297000,1143402,563024
NW IOWA,63399,12/31/2005,22377169,19602579,51421,2723169,1297663,383621,777144,136898
NW IOWA,63399,12/31/2006,24855345,21880933,79375,2895037,1501617,502817,826932,171868
NW IOWA,63399,12/31/2007,26326105,23180693,94747,3050665,1707906,695319,856958,155629
NW IOWA,63399,12/31/2008,28288672,25031196,64593,3192883,1682423,697735,842471,142217
NW IOWA,63399,12/31/2009,30185494,26902559,26021,3256914,1737839,542027,920861,64031
NW IOWA,63399,12/31/2010,32808751,29399269,9379,3400103,1534819,417282,975150,142387
NW IOWA,63399,12/31/2011,35147528,31549195,49545,3548788,1430532,303478,978368,148686
NW IOWA,63399,12/31/2012,36465235,32663668,49652,3751915,1361054,244893,913034,203127
NW IOWA,63399,12/31/2013,38572048,34558349,56225,3957474,1263635,197185,860890,205560
NW IOWA,63399,12/31/2014,39569140,35280501,34370,4254269,1305619,158393,850432,296794
NW IOWA,63399,12/31/2015,43133371,38475697,-38246,4695920,1490881,162085,887143,441653
NW IOWA,63399,12/31/2016,45486815,40290250,18332,5178233,1699695,188806,1028577,482312
NW IOWA,63399,12/31/2017,47267185,41356821,67078,5821681,1906548,226405,1036380,643447
Des Moines Water Works,63486,12/31/2018,1415474,1225739,4636,183957,62105,4725,54228,3152
Des Moines Water Works,63486,12/31/2005,1726987,1550171,12280,164536,90233,35153,47308,7772
Des Moines Water Works,63486,12/31/2006,1634494,1455344,12128,167022,88106,39316,46303,2487
Des Moines Water Works,63486,12/31/2007,1533824,1352848,10188,170788,88740,38235,46740,3765
Des Moines Water Works,63486,12/31/2008,1454204,1275669,6777,171758,81520,25772,54778,970
Des Moines Water Works,63486,12/31/2009,1420743,1254347,4510,161886,85972,14488,70619,-9872
Des Moines Water Works,63486,12/31/2010,1456595,1284406,6431,165758,75249,10404,60973,3872
Des Moines Water Works,63486,12/31/2011,1420238,1247007,3750,169481,69147,8737,56687,3723
Des Moines Water Works,63486,12/31/2012,1536982,1355971,5438,175573,68852,7956,54803,6093
Des Moines Water Works,63486,12/31/2013,1605202,1424722,4980,175500,63729,8194,54609,926
Des Moines Water Works,63486,12/31/2014,1588379,1406131,5763,176485,59306,7556,50765,985
Des Moines Water Works,63486,12/31/2015,1576013,1390788,4479,180746,61039,7251,50727,3061
Des Moines Water Works,63486,12/31/2016,1539852,1350542,5426,183884,60346,7576,49632,3138
Des Moines Water Works,63486,12/31/2017,1491341,1308040,1232,180806,55154,5136,53097,-3079
Midwest Community,63494,12/31/2018,29636620,26736712,148896,2750363,1026856,38166,826879,161811
Midwest Community,63494,12/31/2005,18508728,16592382,72531,1843815,1023771,102518,837645,83608
Midwest Community,63494,12/31/2006,17980166,15929171,72120,1978875,1033878,106558,792260,135060
Midwest Community,63494,12/31/2007,17215631,15071883,92067,2051681,1081789,144906,857327,79556
Midwest Community,63494,12/31/2008,18557260,16609800,57132,1890328,962507,166130,953729,-157352
Midwest Community,63494,12/31/2009,19879659,17935413,61531,1882715,1029294,133719,774734,-7542
Midwest Community,63494,12/31/2010,20722646,18766498,54997,1882715,925517,86913,820168,18436
Midwest Community,63494,12/31/2011,21674003,19557870,104852,2011281,910328,66661,733538,110129
Midwest Community,63494,12/31/2012,23361931,21125929,173647,2062355,856647,57964,747610,51073
Midwest Community,63494,12/31/2013,23770068,21565843,67350,2136875,842341,35756,732065,74520
Midwest Community,63494,12/31/2014,25309986,23008172,78561,2223253,828022,32469,709174,86379
Midwest Community,63494,12/31/2015,27043946,24642738,84114,2317094,854673,30963,729869,93841
Midwest Community,63494,12/31/2016,28714999,26147262,148239,2419498,891437,33087,752231,106119
Midwest Community,63494,12/31/2017,30993994,28239370,165380,2588552,963286,34504,759728,169054
Linn Area,63602,12/31/2018,476161924,346533495,2589799,42108372,23994011,580964,16260489,3253480
Linn Area,63602,12/31/2005,133998281,106636171,14676021,12930453,10001819,1684720,6931260,1385839
Linn Area,63602,12/31/2006,149441365,119432188,15542965,14625303,11527197,2405143,7427205,1694849
Linn Area,63602,12/31/2007,154319250,120072450,17701632,16567113,13592105,3203374,8446918,1941813
Linn Area,63602,12/31/2008,178982759,143562630,16876844,18409059,14356179,3304677,9209556,1841946
Linn Area,63602,12/31/2009,223842031,196224206,7047564,20067194,15990639,3625227,9513977,1658136
Linn Area,63602,12/31/2010,244187143,219664480,2165914,22123104,15833064,3553163,10223993,2055908
Linn Area,63602,12/31/2011,284341170,258110116,2090498,22923865,15640498,3432769,11406966,800763
Linn Area,63602,12/31/2012,289100944,257512547,4907102,25533447,16840311,2957409,11273321,2609581
Linn Area,63602,12/31/2013,309735142,273167936,9646788,27957237,16797720,2615316,11758612,2423792
Linn Area,63602,12/31/2014,338709758,262948064,45505892,30290283,17427973,1993467,13101459,2333047
Linn Area,63602,12/31/2015,366047172,283971275,49549121,32862619,18432669,1912403,13947930,2572336
Linn Area,63602,12/31/2016,412515554,316469590,60935015,35488870,19609557,2129883,14853420,2626254
Linn Area,63602,12/31/2017,444978292,328493918,2669988,38854893,21766743,556424,15121575,3366023
Postal Employees,63667,12/31/2005,1413441,1224946,1539,186956,76582,11534,62946,2102
Postal Employees,63667,12/31/2006,1387237,1190521,2562,194154,82526,13573,60350,8603
Postal Employees,63667,12/31/2007,1455313,1251570,4603,199140,88699,17783,65930,4986
Postal Employees,63667,12/31/2008,1514934,1308559,5982,200393,80483,17642,61588,1253
Postal Employees,63667,12/31/2009,1775596,1570402,4814,200380,81740,15659,55049,-13
Postal Employees,63667,12/31/2010,1649016,1456395,1486,191135,61581,9451,63514,-11384
Postal Employees,63667,12/31/2011,1584819,1399604,185,185030,42771,3094,45780,-6103
EdCo Community,63758,12/31/2005,26617779,22154053,261818,4331971,1853539,199619,3512197,-1858277
EdCo Community,63758,12/31/2006,24581602,19878748,145390,4648211,1679061,219652,1143168,316241
EdCo Community,63758,12/31/2007,25101557,20052353,120682,4914494,1774721,317097,1191341,266283
EdCo Community,63758,12/31/2008,29266937,23987240,110631,5128293,1776780,369718,1193265,213797
EdCo Community,63758,12/31/2009,34180751,28830514,154543,5300639,1838494,374089,1218511,172347
EdCo Community,63758,12/31/2010,38019818,32611882,301845,5452018,1820106,350460,1318268,151378
EdCo Community,63758,12/31/2011,39431839,33142267,351210,5735946,1764545,255955,1224660,283930
EdCo Community,63758,12/31/2012,42104472,35758945,489425,5822772,1496101,224375,1184899,86827
EdCo Community,63758,12/31/2013,42148541,36728498,587304,6038801,1620164,165207,1238928,216029
Louden Depot Community,63855,12/31/2005,2522340,2133329,966,388045,191788,33799,143989,14000
Louden Depot Community,63855,12/31/2006,2461996,1971697,77254,413045,186748,34030,127718,25000
Louden Depot Community,63855,12/31/2007,2444865,2019658,162,425045,199818,49000,138818,12000
Louden Depot Community,63855,12/31/2008,2455753,1896036,125672,434045,192441,41200,142241,9000
Louden Depot Community,63855,12/31/2009,2599473,2155515,913,443045,198513,31000,139892,9000
Louden Depot Community,63855,12/31/2010,2846562,2381726,3041,461795,208324,31800,157763,18761
Louden Depot Community,63855,12/31/2011,3052157,2546784,3577,501796,251237,28000,183237,40000
Louden Depot Community,63855,12/31/2012,3835331,3285632,2878,546821,272569,29500,198043,45026
Louden Depot Community,63855,12/31/2013,5457839,4872647,2852,582340,319297,36300,247478,35519
KEM,63881,12/31/2005,939210,775762,2628,153939,56604,6062,62859,-12317
KEM,63881,12/31/2006,764077,601017,2305,154012,56039,4973,50993,73
KEM,63881,12/31/2007,739376,581269,2932,148432,47324,4224,48680,-5580
KEM,63881,12/31/2008,700993,542113,3093,149044,50826,4160,46054,612
KEM,63881,12/31/2009,675804,519070,14821,141913,53924,3985,62994,-13877
KEM,63881,12/31/2010,674334,507168,75381,91785,43283,1916,91996,-50629
KEM,63881,12/31/2011,595637,551616,1244,42777,48635,1359,98129,-50853
Lehigh Valley,63884,12/31/2005,2605423,2311374,-1466,295515,143044,51156,62741,29147
Lehigh Valley,63884,12/31/2006,2518179,2184650,-107,333636,166059,57970,70017,38072
Lehigh Valley,63884,12/31/2007,3330386,2952052,67,378267,186883,68371,73881,44631
Lehigh Valley,63884,12/31/2008,3635904,3239096,12699,384109,177225,103042,68343,5840
Lehigh Valley,63884,12/31/2009,3833532,3452538,-1259,382253,152743,82535,67187,-1855
Lehigh Valley,63884,12/31/2010,3785162,3366211,0,418951,149491,51546,66103,31842
Lehigh Valley,63884,12/31/2011,3825335,3395772,1023,428540,122206,45632,66984,9590
Lehigh Valley,63884,12/31/2012,4173381,3729582,975,442824,121652,41071,67667,12914
Lehigh Valley,63884,12/31/2013,4369997,3923398,733,445866,107209,34503,69663,3043
Lehigh Valley,63884,12/31/2014,4221608,3785349,239,436020,89631,25845,63176,610
River City Community,63938,12/31/2005,11391892,9954147,284893,1152852,889806,130300,761354,-1848
River City Community,63938,12/31/2006,10989960,9814346,47118,1128496,913454,216549,721262,-24357
MA Ford Employees,63945,12/31/2018,1698166,1502361,190,195615,49004,25042,14427,9535
MA Ford Employees,63945,12/31/2005,747207,616535,0,130672,47420,15089,24166,8165
MA Ford Employees,63945,12/31/2006,706484,565732,0,140752,51046,16085,24880,10081
MA Ford Employees,63945,12/31/2007,644490,492219,0,152271,52464,14452,26483,11529
MA Ford Employees,63945,12/31/2008,791406,627045,0,164361,49182,16157,20936,12089
MA Ford Employees,63945,12/31/2009,863495,697968,0,165527,43051,16088,24826,1165
MA Ford Employees,63945,12/31/2010,967465,800229,0,167236,38943,13528,23705,1710
MA Ford Employees,63945,12/31/2011,953219,776050,0,177169,53646,15285,28428,9933
MA Ford Employees,63945,12/31/2012,1210035,1025134,0,184901,57956,19552,30673,7731
MA Ford Employees,63945,12/31/2013,1366576,1169862,0,196714,66861,23298,31750,11813
MA Ford Employees,63945,12/31/2014,1437854,1231000,0,206854,62155,30368,21647,10140
MA Ford Employees,63945,12/31/2015,1504259,1291579,32,212648,57966,32036,20136,5794
MA Ford Employees,63945,12/31/2016,1689855,1474579,0,215276,54502,34242,17708,2552
MA Ford Employees,63945,12/31/2017,1592822,1406694,48,186080,46805,28367,48162,-29724
ETS,63982,12/31/2018,2413047,1941885,1145,470017,94581,25618,38378,30585
ETS,63982,12/31/2005,1480478,1285702,2866,191910,93873,48937,35850,9086
ETS,63982,12/31/2006,1659221,1455335,1095,202791,99150,56707,30620,11823
ETS,63982,12/31/2007,1545961,1334579,2431,208951,109218,61320,35074,12824
ETS,63982,12/31/2008,1944070,1732899,1965,209206,105822,42214,45411,18197
ETS,63982,12/31/2009,2212252,1985077,4696,222479,111435,32921,62638,13273
ETS,63982,12/31/2010,2414876,2171700,1888,241288,96203,24903,51672,19628
ETS,63982,12/31/2011,2138406,1875045,2891,260470,94576,12439,62915,19222
ETS,63982,12/31/2012,2224857,1941024,4204,279629,87388,21686,46491,19211
ETS,63982,12/31/2013,2437995,2119435,3832,314728,85707,19464,31145,35098
ETS,63982,12/31/2014,2434302,2085443,3444,345415,82684,18691,34363,29630
ETS,63982,12/31/2015,2473946,2092628,4041,377277,78810,18851,28097,31862
ETS,63982,12/31/2016,2701103,2292862,3343,404898,77773,20261,29835,27677
ETS,63982,12/31/2017,2841238,2404448,2337,434453,81810,22379,29874,29557
Iowa Community,64019,12/31/2005,51401764,40688573,5439954,5273237,3650938,695439,2634645,320854
Iowa Community,64019,12/31/2006,55659812,44564749,5521114,5573949,4248919,967016,2981191,300712
Iowa Community,64019,12/31/2007,63888397,51752414,5657995,6477988,4743171,1341898,3076273,325000
Iowa Community,64019,12/31/2008,70824547,54928979,9638176,6257392,4295171,1312808,3202959,-220596
Iowa Community,64019,12/31/2009,74713822,61076900,7289531,6347391,4742966,1140740,3067917,90000
Iowa Community,64019,12/31/2010,76618557,64547125,5558905,6512527,4191312,952168,3074008,165136
Iowa Community,64019,12/31/2011,77979763,65835691,5475545,6668527,4025408,745351,3124057,156000
Iowa Community,64019,12/31/2012,80850820,67840620,5626673,7383527,4668778,622582,3331196,715000
Iowa Community,64019,12/31/2013,78370822,65091539,5498224,7781059,4064720,490809,3176379,397532
The Municipal,64021,12/31/2018,17420635,15625807,39198,1752112,794982,68008,567115,159859
The Municipal,64021,12/31/2005,8835021,7887429,26307,921285,533393,67286,405156,60951
The Municipal,64021,12/31/2006,8427089,7392668,31264,1003157,597425,98628,416925,81872
The Municipal,64021,12/31/2007,9133387,8025024,35248,1073115,622021,131310,420755,69956
The Municipal,64021,12/31/2008,10337252,9169660,38037,1129555,572044,92845,422759,56440
The Municipal,64021,12/31/2009,10632190,9435165,38141,1158884,598525,63885,428150,29329
The Municipal,64021,12/31/2010,11401318,10169993,38788,1192537,546492,44588,468250,33654
The Municipal,64021,12/31/2011,12945011,11696092,31587,1217332,555145,52710,478138,24297
The Municipal,64021,12/31/2012,13494329,12232852,22460,1239017,500518,30790,446346,23382
The Municipal,64021,12/31/2013,14520240,13202500,30347,1287393,516493,18524,449593,48376
The Municipal,64021,12/31/2014,14964162,13600975,36019,1327168,550177,18788,491614,39775
The Municipal,64021,12/31/2015,16071033,14636127,13063,1421843,561928,18694,448559,94675
The Municipal,64021,12/31/2016,15947376,14418164,29583,1499629,589601,48290,463524,77787
The Municipal,64021,12/31/2017,17676701,16167612,-85344,1592253,665071,50430,521966,92623
Advantage,64030,12/31/2018,70097209,57526188,728810,11842211,3337169,283896,2195019,858254
Advantage,64030,12/31/2005,31490144,26345982,702200,4441962,1722548,313066,1240850,168632
Advantage,64030,12/31/2006,32342896,26837082,696595,4809219,2099629,388470,1343902,367257
Advantage,64030,12/31/2007,35016120,29078207,631439,5306474,2404600,469813,1437546,497241
Advantage,64030,12/31/2008,37221230,30998712,597894,5624624,2427155,497663,1611343,318149
Advantage,64030,12/31/2009,40391617,33603326,545399,6242892,2824212,426340,1680543,618270
Advantage,64030,12/31/2010,42532390,35262502,561929,6707959,2690640,374581,1850994,465065
Advantage,64030,12/31/2011,49224518,41372234,691606,7160678,2715429,383487,1879222,452720
Advantage,64030,12/31/2012,55576401,47052986,873775,7649640,2674532,345329,1840240,488963
Advantage,64030,12/31/2013,56888192,47953744,702192,8232256,2687250,207162,1897473,582615
Advantage,64030,12/31/2014,59098834,49313246,843522,8942066,2784579,193681,1881089,709809
Advantage,64030,12/31/2015,63872538,53150788,941732,9780018,2926603,197090,1891559,837954
Advantage,64030,12/31/2016,67151477,55858873,918566,10374038,2962746,234912,2133815,594019
Advantage,64030,12/31/2017,68623777,56834374,805447,10983956,3083925,236326,2237681,609918
Dupaco Community,64049,12/31/2018,1696414367,1341387999,4249179,264269029,101689577,5198593,65268569,23206406
Dupaco Community,64049,12/31/2005,384873738,306907814,31463547,48583377,27404918,6194796,17589826,3620296
Dupaco Community,64049,12/31/2006,432136767,352198672,28913212,52612883,32135190,9355584,18750100,4029506
Dupaco Community,64049,12/31/2007,475320651,392965268,24750815,58191568,37436819,12235048,20602501,4599270
Dupaco Community,64049,12/31/2008,543280142,441585260,39469834,61303048,40577446,10795491,26670475,3111480
Dupaco Community,64049,12/31/2009,778142796,662175961,40533555,72991573,49420793,13249346,24937261,11234186
Dupaco Community,64049,12/31/2010,905293048,789675972,23569413,84673158,53384160,14450911,29683366,9249883
Dupaco Community,64049,12/31/2011,975136780,846755193,15182627,101851455,60452844,11792069,31482478,17178297
Dupaco Community,64049,12/31/2012,1067663560,915919468,14986462,122907125,63896877,10273996,32567211,21055670
Dupaco Community,64049,12/31/2013,1123457400,980467034,4185744,144123117,64623859,9258035,34149831,21215993
Dupaco Community,64049,12/31/2014,1262445324,1068858090,11336819,175179982,71064941,8190606,38497646,24376689
Dupaco Community,64049,12/31/2015,1339209045,1113552586,26646588,198086034,74745666,8046614,43793000,22906052
Dupaco Community,64049,12/31/2016,1515034790,1219008588,81757850,216670515,80179206,9351178,52243547,18584481
Dupaco Community,64049,12/31/2017,1609367932,1283031444,6862565,241062623,90546940,4540692,54947644,24392108
Family Community,64067,12/31/2018,18373623,16011837,79482,2281284,635463,29201,565042,41220
Family Community,64067,12/31/2005,14139804,12378477,39612,1721715,777453,100010,592509,84934
Family Community,64067,12/31/2006,13533664,11619319,56442,1857903,839858,100943,602727,136188
Family Community,64067,12/31/2007,14982401,12891588,75972,2014841,896032,128092,611001,156939
Family Community,64067,12/31/2008,14782491,12680320,56174,2045997,895476,150444,713875,31157
Family Community,64067,12/31/2009,16170120,13958976,55015,2156129,860675,94913,636185,110132
Family Community,64067,12/31/2010,16975407,14742545,64281,2168581,728520,64735,651334,12451
Family Community,64067,12/31/2011,18330864,16060108,78744,2192012,675608,36698,615480,23430
Family Community,64067,12/31/2012,20047365,17749983,92399,2204983,649438,33568,602899,12971
Family Community,64067,12/31/2013,16425733,14339544,44771,2041418,558976,25990,696551,-163565
Family Community,64067,12/31/2014,16903201,14790521,50688,2061992,569932,24190,525168,20574
Family Community,64067,12/31/2015,17935859,15678266,59002,2198591,712407,25557,550252,136598
Family Community,64067,12/31/2016,18463238,16119616,74649,2268973,664040,27640,566016,70384
Family Community,64067,12/31/2017,18845989,16530736,74944,2240064,587627,28973,587565,-28911
Government Employees,64090,12/31/2005,4091714,3341802,8558,741354,220031,23611,171542,24878
Government Employees,64090,12/31/2006,3866359,3086984,14089,765286,238152,33734,180257,24161
Government Employees,64090,12/31/2007,3708513,2909353,8530,790630,244565,33264,185718,25583
Government Employees,64090,12/31/2008,3662015,2844507,8870,808638,233859,23626,191975,18258
Government Employees,64090,12/31/2009,3815830,3000503,8983,806344,229430,15827,191653,-2033
Government Employees,64090,12/31/2010,4215728,3415362,9588,790778,198146,10419,203021,-15294
Government Employees,64090,12/31/2011,4225477,3443971,11397,770109,189244,6831,202796,-20383
Frontier Community,64117,12/31/2005,10618810,8998675,259143,1360992,609064,150940,450157,7967
Frontier Community,64117,12/31/2006,10281253,8283407,561178,1436668,667795,170806,421312,75677
Frontier Community,64117,12/31/2007,10205789,8405194,260355,1540240,702485,176915,421999,103571
Frontier Community,64117,12/31/2008,11588086,9679900,285853,1622333,732123,194388,454767,82968
Frontier Community,64117,12/31/2009,15634320,13762354,153838,1718128,837934,188880,470889,95793
Frontier Community,64117,12/31/2010,14810154,12797324,154405,1858425,799007,145534,513177,140296
Frontier Community,64117,12/31/2011,16037748,13836188,191276,2010284,812359,108612,551888,151859
Frontier Community,64117,12/31/2012,18667140,16187123,193712,2286305,819121,76464,641308,101349
Frontier Community,64117,12/31/2013,19402400,16885223,210947,2306230,780138,58456,713819,7863
Frontier Community,64117,12/31/2014,19602627,17038521,223792,2340314,697731,40695,622952,34084
Frontier Community,64117,12/31/2015,18924513,16322025,247564,2354924,661455,34035,610655,16765
Peoples,64140,12/31/2018,52370478,44166511,229125,7930043,3064161,294475,2288218,481468
Peoples,64140,12/31/2005,14762892,11879803,67997,2815092,1010471,237511,620599,152361
Peoples,64140,12/31/2006,14062746,11004259,90949,2967538,1062335,242303,667586,152446
Peoples,64140,12/31/2007,15119943,11940309,101915,3077719,1101208,301549,689478,110181
Peoples,64140,12/31/2008,17003204,13740148,101406,3161650,1157679,343532,729416,84731
Peoples,64140,12/31/2009,18904579,15593713,73113,3237753,1219406,266793,762310,76103
Peoples,64140,12/31/2010,20458464,17105504,78723,3274237,1105113,234013,834615,36485
Peoples,64140,12/31/2011,20924338,17535580,85718,3303040,1068574,182213,856642,29719
Peoples,64140,12/31/2012,22272426,18814361,88559,3369506,1033452,114775,842154,76523
Peoples,64140,12/31/2013,24706553,21189882,133368,3383303,934219,90583,829834,13802
Peoples,64140,12/31/2014,24474750,20850494,155086,3469170,1093218,76150,931203,85865
Peoples,64140,12/31/2015,31001706,26686941,112275,4205186,1441803,89563,1044390,307850
Peoples,64140,12/31/2016,50141000,42797926,236994,7106080,2332094,142483,1715496,474115
Peoples,64140,12/31/2017,51594566,43920472,242632,7446133,2826069,190450,2416093,219493
North Iowa Community,64191,12/31/2018,77763293,64888905,749534,6926048,3828870,30433,3342983,168216
North Iowa Community,64191,12/31/2005,37078562,33213812,68716,3796034,2542444,663924,1530545,347975
North Iowa Community,64191,12/31/2006,39431617,35409808,67487,3954322,2676118,893543,1624288,158287
North Iowa Community,64191,12/31/2007,41866554,36036133,1561517,4268904,3001684,1123310,1643600,234774
North Iowa Community,64191,12/31/2008,40343024,35800199,86366,4456459,2989765,1030672,1771659,187434
North Iowa Community,64191,12/31/2009,47835800,42604029,123872,5107899,3554248,839030,2012669,651440
North Iowa Community,64191,12/31/2010,53693158,47895548,232244,5565366,3699396,772523,2469407,457466
North Iowa Community,64191,12/31/2011,60040130,53004185,939863,6096082,3894047,761847,2601485,530715
North Iowa Community,64191,12/31/2012,65751537,58254793,1039658,6457086,3847074,707749,2778319,361006
North Iowa Community,64191,12/31/2013,67421509,59763348,1201445,6461324,3510563,493714,3012611,4238
North Iowa Community,64191,12/31/2014,62765087,54958921,1255725,6550441,3405260,299927,3016215,89118
North Iowa Community,64191,12/31/2015,61646590,54147940,936992,6561658,3317153,211914,3094023,11216
North Iowa Community,64191,12/31/2016,63153795,54828053,1664084,6661658,3173967,137627,2912124,124216
North Iowa Community,64191,12/31/2017,68573430,60195203,1590394,6787833,3356752,21225,3084433,146175
Greater Iowa,64203,12/31/2018,456627727,390273853,5505646,39133236,24142722,2007909,19547797,2121463
Greater Iowa,64203,12/31/2005,194463944,143943713,28275634,22333438,13822114,2041789,14436472,-2656147
Greater Iowa,64203,12/31/2006,208285875,160439468,25442491,22435400,13622143,2886522,10633660,101961
Greater Iowa,64203,12/31/2007,212756411,164540274,24893485,23305209,14674129,3692167,10112153,869809
Greater Iowa,64203,12/31/2008,223232205,176028295,23738164,23510963,12581073,2717712,9657607,205754
Greater Iowa,64203,12/31/2009,244845673,196309449,23398646,25177949,15083559,2098551,11012434,1666987
Greater Iowa,64203,12/31/2010,259755033,210657078,23045330,26051018,14585904,1569197,12143638,873069
Greater Iowa,64203,12/31/2011,283839783,235441303,21092885,27236497,14257228,1502962,11568786,1185480
Greater Iowa,64203,12/31/2012,314396604,265960310,19430367,28864650,15433184,1420149,12384885,1628150
Greater Iowa,64203,12/31/2013,329349816,286878551,12730842,29960802,15573622,1377210,13105277,1091135
Greater Iowa,64203,12/31/2014,347425003,294884845,21303274,31119722,16892622,1187159,14546779,1158684
Greater Iowa,64203,12/31/2015,358748608,317193294,8395831,33504504,17692139,1129368,14177988,2384783
Greater Iowa,64203,12/31/2016,402500412,348304956,18350798,35423703,19656254,1366360,16370695,1919199
Greater Iowa,64203,12/31/2017,422355953,373825954,5140297,37011774,22302756,1735380,18815107,1588074
Meridian,64212,12/31/2018,26840271,22514766,25897,4336092,1032094,65853,837022,129219
Meridian,64212,12/31/2005,18661846,16291933,33319,2429605,944645,283186,584063,77396
Meridian,64212,12/31/2006,19604414,17031861,56039,2588202,996074,404066,433414,158594
Meridian,64212,12/31/2007,20844570,18148823,44644,2628508,1045582,535923,478687,30972
Meridian,64212,12/31/2008,23297227,20530773,48066,2710158,1266628,602277,570363,93988
Meridian,64212,12/31/2009,27504467,23555395,1183838,2750604,1306232,398864,706204,36836
Meridian,64212,12/31/2010,31052337,28126468,117123,2794186,1379357,339742,996033,43582
Meridian,64212,12/31/2011,31321727,28190861,44735,3047902,1390433,299484,837233,253716
Meridian,64212,12/31/2012,30912273,27432877,54584,3388285,1317949,178962,798604,340383
Meridian,64212,12/31/2013,29283488,25556202,47345,3665538,1150039,105727,767061,277251
Meridian,64212,12/31/2014,28609093,24656537,56160,3891836,1065099,88918,749882,226299
Meridian,64212,12/31/2015,29301262,25236631,52202,4034397,989063,79143,767358,142562
Meridian,64212,12/31/2016,28505032,24338372,48526,4151871,944672,70831,756367,117474
Meridian,64212,12/31/2017,28368077,24137492,46285,4206873,958128,66223,836903,55002
First Class Community,64231,12/31/2018,76788609,68313794,1667925,6896378,4082166,90583,3682617,308966
First Class,64231,12/31/2005,50021488,44915552,519663,4624293,4229470,427988,4220157,-418675
First Class,64231,12/31/2006,49687737,44071988,571826,5053319,4369759,489899,3450844,429016
First Class,64231,12/31/2007,49451728,43371283,534310,5521552,4394962,577614,3349105,468243
First Class,64231,12/31/2008,49160281,42730148,424255,5981467,4319052,374585,3484552,459915
First Class,64231,12/31/2009,56428808,50094342,453898,5880568,4610268,416764,3937030,-109860
First Class,64231,12/31/2010,53637856,47371079,802497,5464280,3639568,299060,3756796,-416288
First Class,64231,12/31/2011,58009929,51020752,1428496,5544405,3496950,232413,3184412,80125
First Class,64231,12/31/2012,63502264,56098288,1644781,5742273,3522228,228671,3095691,197866
First Class,64231,12/31/2013,65285596,58085925,1304780,5987809,3543921,187682,3110703,245536
First Class,64231,12/31/2014,65910404,59665728,40952,6250330,3649473,159009,3227943,262521
First Class Community,64231,12/31/2015,70804356,63434306,1095544,6316088,3726078,137735,3522583,65760
First Class Community,64231,12/31/2016,74382112,66594362,1590961,6421143,3581996,114185,3362756,105055
First Class Community,64231,12/31/2017,73793904,65878866,1551197,6587412,3732106,95460,3470378,166268
Lennox Employees,64234,12/31/2018,43889016,38324232,77663,5684726,1981669,138287,1832000,10594
Lennox Employees,64234,12/31/2005,26934338,22648928,42082,4243328,1500953,308101,912372,280480
Lennox Employees,64234,12/31/2006,25398075,20710571,71294,4616210,1615557,340506,902168,372883
Lennox Employees,64234,12/31/2007,28904562,23937323,88525,4878714,1783622,525004,996114,262504
Lennox Employees,64234,12/31/2008,28982089,23940707,69526,4971856,1716250,528877,1094231,93142
Lennox Employees,64234,12/31/2009,30965534,24892434,1067726,5008482,1638596,307851,1098289,33516
Lennox Employees,64234,12/31/2010,32448374,27280629,63693,5104052,1446726,235265,1112783,98678
Lennox Employees,64234,12/31/2011,33483441,28181319,54352,5247770,1483849,159468,1180664,143717
Lennox Employees,64234,12/31/2012,35494334,30044647,57077,5392610,1504241,141332,1218069,144840
Lennox Employees,64234,12/31/2013,35781720,30382442,96177,5303101,1336757,113382,1312883,-89508
Lennox Employees,64234,12/31/2014,36802937,31448265,84087,5270585,1265023,79675,1217864,-32516
Lennox Employees,64234,12/31/2015,37920112,32451674,64190,5404248,1482817,66658,1282496,133663
Lennox Employees,64234,12/31/2016,38726873,33136893,60462,5529518,1605450,70052,1410128,125270
Lennox Employees,64234,12/31/2017,40578284,34821278,78335,5674133,1761955,86931,1528571,144614
Des Moines Mercy,64238,12/31/2005,12120435,10034219,1015298,1070918,708773,63597,615750,29426
SECU,64269,12/31/2018,1972873,1259366,6738,506769,103362,5532,73858,23608
SECU,64269,12/31/2005,1878612,1537738,36330,304544,106647,12133,76501,18013
SECU,64269,12/31/2006,1395238,1024636,39710,330892,106973,10012,68719,28242
SECU,64269,12/31/2007,1373364,1013370,4521,355473,107312,13713,69016,24583
SECU,64269,12/31/2008,1429761,1013076,45603,371082,94278,12581,66090,15607
SECU,64269,12/31/2009,1534610,1114023,47424,373163,84542,9678,64194,2081
SECU,64269,12/31/2010,1586973,1161738,45930,379305,79665,8303,65224,6138
SECU,64269,12/31/2011,1715170,1279920,47914,387336,82786,6938,67814,8034
SECU,64269,12/31/2012,1854795,1401592,3507,449696,88946,7957,60554,20435
SECU,64269,12/31/2013,1894364,1428376,3771,462217,91801,8710,70567,12524
SECU,64269,12/31/2014,1986922,1511271,3401,472250,85561,8926,66603,10032
SECU,64269,12/31/2015,2121592,1649205,5729,466658,75115,9723,70983,-5591
SECU,64269,12/31/2016,2110880,1641678,4367,464835,74485,8328,67981,-1824
SECU,64269,12/31/2017,2101518,1613091,5266,483161,86063,6535,61202,18326
Premier,64271,12/31/2018,199448586,159764682,2391622,20669404,9815537,142810,6814617,1303939
Premier,64271,12/31/2005,57082153,49390336,1445516,6246301,4046056,520517,3172617,352922
Premier,64271,12/31/2006,58459072,50651224,1104007,6703841,4373852,888792,3027520,457540
Premier,64271,12/31/2007,61806593,53608982,918820,7278791,4909525,1283189,3051386,574950
Premier,64271,12/31/2008,66491855,57924734,991784,7575337,4757735,1252649,3208538,296548
Premier,64271,12/31/2009,82340487,72868841,1752155,7719491,4999319,1128945,3229057,144153
Premier,64271,12/31/2010,95398482,86273368,885902,8239212,5422066,926641,4178490,316935
Premier,64271,12/31/2011,97347244,87682225,1226337,8438682,5511090,752497,4599862,158731
Premier,64271,12/31/2012,102965555,90422415,2463873,10079267,5795751,449277,4639994,706480
Premier,64271,12/31/2013,111692963,98140963,2436075,11115925,5837166,431016,4628513,777637
Premier,64271,12/31/2014,125102692,104197102,8234444,12671146,6223960,420217,4464939,1338804
Premier,64271,12/31/2015,144863867,126482455,3580216,14801196,7109435,652190,4708169,1749076
Premier,64271,12/31/2016,173511678,152661525,3641111,17209042,8083038,956640,5122526,2003872
Premier,64271,12/31/2017,188680807,158597573,2435017,19275228,9136051,142352,6127520,1755290
North Western Employees,64282,12/31/2018,7145240,5565406,8317,1568215,391791,41070,275469,75252
North Western Employees,64282,12/31/2005,4607838,3755241,19684,832913,371116,88609,205150,77357
North Western Employees,64282,12/31/2006,4687790,3757781,22367,907642,382387,101650,206008,74729
North Western Employees,64282,12/31/2007,5007263,4003948,22445,980870,418370,134370,210772,73228
North Western Employees,64282,12/31/2008,5732190,4676105,22078,1034007,410543,134977,222429,53137
North Western Employees,64282,12/31/2009,6523055,5437723,16084,1069248,378197,110331,225548,35241
North Western Employees,64282,12/31/2010,6997753,5885857,19873,1092023,373100,95935,254390,22775
North Western Employees,64282,12/31/2011,7320281,6168188,18265,1133828,370048,75872,252371,41805
North Western Employees,64282,12/31/2012,7398056,6194170,20610,1183276,362222,62595,250179,49448
North Western Employees,64282,12/31/2013,7368685,6109980,14155,1244550,365712,46461,257977,61274
North Western Employees,64282,12/31/2014,7948474,6638572,11310,1298592,357990,45025,258923,54042
North Western Employees,64282,12/31/2015,7669212,6284108,9691,1375413,367737,43679,250982,73076
North Western Employees,64282,12/31/2016,7412129,5972888,8124,1431117,355487,39966,259817,55704
North Western Employees,64282,12/31/2017,7315310,5810632,8383,1492962,364746,39651,263249,61846
Village,64308,12/31/2018,14958120,13033113,258320,1643550,982443,53719,1012589,-84127
Village,64308,12/31/2005,7143263,5906400,20544,1216319,516220,31631,468224,16365
Village,64308,12/31/2006,6801713,5518668,24702,1258343,564193,47266,474904,42023
Village,64308,12/31/2007,6881206,5538435,43739,1299032,617637,65633,511315,40689
Village,64308,12/31/2008,7661178,6306774,41369,1313035,603458,60913,528542,14003
Village,64308,12/31/2009,8065012,6696466,40719,1327827,659814,45603,546104,14792
Village,64308,12/31/2010,8320542,6922979,37759,1359804,590180,31348,526855,31977
Village,64308,12/31/2011,8960756,7560970,43944,1355842,570150,25107,547563,-2520
Village,64308,12/31/2012,9788607,8393524,28761,1366322,550383,19759,520144,10480
Village,64308,12/31/2013,9370577,7949816,34781,1385980,576808,13981,543170,19657
Village,64308,12/31/2014,10601980,9125227,40439,1436314,672344,11770,610230,50344
Village,64308,12/31/2015,11400939,9763830,91498,1545611,786301,11867,665137,109297
Village,64308,12/31/2016,12532193,10829605,66955,1635633,876764,18124,767011,91629
Village,64308,12/31/2017,12709687,10921784,52549,1727677,899900,39822,768034,92044
ACE,64323,12/31/2018,7775288,6577673,5442,1192173,192951,29832,112952,50167
ACE,64323,12/31/2005,6029064,5276605,1243,751216,264195,124463,79523,60209
ACE,64323,12/31/2006,5311160,4443668,54449,813043,270909,127739,81343,61827
ACE,64323,12/31/2007,5224394,4384935,1614,837845,246856,133789,88265,24802
ACE,64323,12/31/2008,6021299,5116843,24220,880236,272800,151048,94265,27487
ACE,64323,12/31/2009,7621225,6692118,3987,925120,272686,111800,105321,44884
ACE,64323,12/31/2010,8776192,7830700,4185,941307,280572,125828,120015,34729
ACE,64323,12/31/2011,9059074,8091285,4243,963546,227188,77137,127812,22239
ACE,64323,12/31/2012,9362502,8330118,4421,1027963,199002,66037,114672,18293
ACE,64323,12/31/2013,9935937,8883020,4767,1048150,189553,53717,115649,20187
ACE,64323,12/31/2014,9807319,8729169,5350,1072800,158936,29383,104903,24650
ACE,64323,12/31/2015,9779632,8679964,6044,1093624,149064,21472,106768,20824
ACE,64323,12/31/2016,9714770,8599085,4039,1111646,143094,24904,102642,15548
ACE,64323,12/31/2017,9194706,8047788,4913,1142005,166415,27326,108729,30360
Oelwein-Cresco,64329,12/31/2005,807509,587916,675,218918,48353,9408,27272,11673
Oelwein-Cresco,64329,12/31/2006,874225,644210,682,229333,53784,13688,29681,10415
Oelwein-Cresco,64329,12/31/2007,861416,621413,683,239320,59740,15005,34747,9988
Oelwein-Cresco,64329,12/31/2008,931347,685812,734,244801,57293,12470,39342,5481
Oelwein-Cresco,64329,12/31/2009,999212,750177,539,248496,51870,8044,34347,3694
Oelwein-Cresco,64329,12/31/2010,1029675,778246,336,251093,48537,6711,39243,2583
Oelwein-Cresco,64329,12/31/2011,1123527,879652,389,243486,45453,4862,48199,-7608
Oelwein-Cresco,64329,12/31/2012,1144139,913303,689,230147,40722,2487,51574,-13339
Oelwein-Cresco,64329,12/31/2013,883068,776181,0,106887,37225,114208,43375,-120358
Cornerstone Community,64339,12/31/2018,20525137,17849935,130745,1904027,1057723,202695,901546,-56788
Cornerstone Community,64339,12/31/2005,14146804,12345740,35858,1867515,995926,271457,670788,53681
Cornerstone Community,64339,12/31/2006,13727831,11288619,527931,1986947,967243,268778,573585,124880
Cornerstone Community,64339,12/31/2007,13381788,11327202,34794,2018409,991732,395592,564676,31464
Cornerstone Community,64339,12/31/2008,13221469,11202402,40646,1987401,1025119,389975,665228,-30084
Cornerstone Community,64339,12/31/2009,15257350,13242333,10210,1992554,986864,329918,556015,6857
Cornerstone Community,64339,12/31/2010,14393078,12462298,25036,1894806,855182,219261,718671,-82750
Cornerstone Community,64339,12/31/2011,14556185,12550589,26264,1974644,835217,154224,584401,96592
Cornerstone Community,64339,12/31/2012,15631396,13599183,32718,1990302,805015,125654,590165,89196
Cornerstone Community,64339,12/31/2013,17278935,15222879,34211,2046253,835704,109122,649944,76638
Cornerstone Community,64339,12/31/2014,19286818,17125735,20644,2153452,889079,115042,666317,107720
Cornerstone Community,64339,12/31/2015,21608501,19359044,19028,2234862,962799,131348,747705,83746
Cornerstone Community,64339,12/31/2016,22712703,20222559,166972,2319037,1000983,150641,766273,84069
Cornerstone Community,64339,12/31/2017,22600166,20140973,36890,2051353,1001072,155432,1086703,-241168
IntegrUS,64348,12/31/2005,8866462,7424954,36148,1405360,413138,123074,283178,6886
IntegrUS,64348,12/31/2006,8273510,6893683,28458,1351369,404315,123503,334803,-53991
IntegrUS,64348,12/31/2007,9326925,7357347,621163,1348415,551672,154419,400206,-2953
IntegrUS,64348,12/31/2008,10287256,8285588,541187,1460481,658285,157811,388409,112065
IntegrUS,64348,12/31/2009,11802289,10308424,29193,1464672,789711,180674,547675,4191
IntegrUS,64348,12/31/2010,13599491,11919707,111126,1568658,774071,149538,520547,103986
IntegrUS,64348,12/31/2011,14702002,12997645,39064,1665293,813873,129633,587605,96635
IntegrUS,64348,12/31/2012,17131867,15150356,72543,1908968,884564,124114,605479,154971
IntegrUS,64348,12/31/2013,18672625,16669867,49904,1952854,893701,114709,735105,43887
IntegrUS,64348,12/31/2014,20959351,17859323,1217588,1882440,844877,91115,824176,-70414
IntegrUS,64348,12/31/2015,20117324,18147668,68336,1901320,930056,82600,828576,18880
IntegrUS,64348,12/31/2016,25370875,22190826,1051270,2128779,1320859,96788,1030258,193813
NGPL  Employees,64351,12/31/2018,2791220,1990537,0,790769,65900,19709,40966,5225
NGPL  Employees,64351,12/31/2005,2422472,1656536,38060,727876,112960,72003,40299,658
NGPL  Employees,64351,12/31/2006,2441290,1662388,37489,741413,129866,74735,41593,13538
NGPL  Employees,64351,12/31/2007,2314612,1542580,30522,741510,124663,67824,56742,97
NGPL  Employees,64351,12/31/2008,2425207,1649651,32623,742933,119105,64007,53674,1424
NGPL  Employees,64351,12/31/2009,2554465,1775951,30905,747609,121807,55047,48203,4674
NGPL  Employees,64351,12/31/2010,2773760,1998221,19587,755952,103614,42651,52619,8344
NGPL  Employees,64351,12/31/2011,2955094,2171873,24356,758865,97094,44885,49297,2912
NGPL  Employees,64351,12/31/2012,3100352,2322946,9664,767742,97207,40070,48260,8877
NGPL  Employees,64351,12/31/2013,3252349,2461697,18576,772076,85030,36232,44464,4334
NGPL  Employees,64351,12/31/2014,3370718,2583014,12893,774811,69184,25399,41051,2734
NGPL  Employees,64351,12/31/2015,3408358,2617153,13067,778138,66886,26033,37526,3327
NGPL  Employees,64351,12/31/2016,3154388,2357805,17081,778138,69378,29763,38252,1363
NGPL  Employees,64351,12/31/2017,2858966,2063247,0,785545,64239,20564,37632,6043
Polk County Schools Employees,64360,12/31/2005,7407681,6492870,13162,901649,455419,105739,318157,31523
Polk County Schools Employees,64360,12/31/2006,7380247,6405002,12708,962537,497663,130173,306602,60888
Polk County Schools Employees,64360,12/31/2007,7868329,6794036,11342,1062951,561773,156521,304873,100379
Polk County Schools Employees,64360,12/31/2008,8123119,6994847,12477,1115795,489541,135535,301162,52844
Polk County Schools Employees,64360,12/31/2009,8678916,7527211,12172,1139533,488951,84482,321666,23737
Polk County Schools Employees,64360,12/31/2010,9126891,7922899,13547,1190445,442839,61489,330438,50912
Polk County Schools Employees,64360,12/31/2011,9718249,8485026,13622,1219601,404763,46345,329261,29157
Polk County Schools Employees,64360,12/31/2012,10688491,9423905,17875,1246711,374564,37412,310044,27108
Polk County Schools Employees,64360,12/31/2013,10966854,9694171,15915,1256768,350161,29314,310790,10057
Polk County Schools Employees,64360,12/31/2014,10401647,9230188,15549,1155910,326462,15172,412273,-100983
Polk County Schools Employees,64360,12/31/2015,10824345,9620425,15148,1188772,364710,9063,323241,32406
Tradesmen Community,64361,12/31/2018,58949706,50347713,203908,8392732,3222855,444030,2206345,572480
Tradesmen Community,64361,12/31/2005,23768883,20260695,583599,2924589,2016439,282934,1457961,275544
Tradesmen Community,64361,12/31/2006,24727358,21324004,115029,3288325,2210787,385442,1461609,363736
Tradesmen Community,64361,12/31/2007,27213997,23161553,400484,3651960,2410788,533859,1513295,363634
Tradesmen Community,64361,12/31/2008,28743037,24854154,98578,3790305,2494671,516596,1839730,138345
Tradesmen Community,64361,12/31/2009,35529597,30153991,1099184,4276422,2679866,430385,1724632,486117
Tradesmen Community,64361,12/31/2010,34620187,29882072,137889,4600226,2624781,333862,1967115,323804
Tradesmen Community,64361,12/31/2011,37561046,32222873,315075,5023098,2697245,274678,1999696,422871
Tradesmen Community,64361,12/31/2012,41712868,36182873,162289,5367706,2535686,241826,1949253,344607
Tradesmen Community,64361,12/31/2013,43224744,37177997,214666,5832081,2512594,212724,1835493,464377
Tradesmen Community,64361,12/31/2014,46227367,39642294,335777,6248955,2457809,220924,1820011,416874
Tradesmen Community,64361,12/31/2015,48628452,41618876,250022,6759607,2568031,227654,1829725,510652
Tradesmen Community,64361,12/31/2016,52408649,44894894,240067,7271702,2703134,275799,1915240,512095
Tradesmen Community,64361,12/31/2017,55192878,46973024,388025,7820253,2868047,322810,1996686,548551
Des Moines Metro,64380,12/31/2018,55700815,47911656,1059224,6729935,2487071,180501,2059264,247306
Des Moines Metro,64380,12/31/2005,35206354,30161973,341671,4702710,2265528,451858,1636614,177056
Des Moines Metro,64380,12/31/2006,35077029,29770661,354889,4951479,2496391,618779,1628843,248769
Des Moines Metro,64380,12/31/2007,35144045,29526948,392578,5224519,2674815,759313,1642462,273040
Des Moines Metro,64380,12/31/2008,36599152,31204665,289148,5105339,2567668,679929,2006918,-119179
Des Moines Metro,64380,12/31/2009,39728304,34033149,337023,5358132,2533399,441804,1740348,252791
Des Moines Metro,64380,12/31/2010,40843340,34762275,625379,5455686,2321782,318184,1906044,97554
Des Moines Metro,64380,12/31/2011,42973511,37078228,316301,5578982,2259544,239765,1896483,123296
Des Moines Metro,64380,12/31/2012,45996728,39745509,561853,5689366,2090633,190535,1789713,110385
Des Moines Metro,64380,12/31/2013,46795967,40522480,442362,5831125,1980806,153639,1685408,141759
Des Moines Metro,64380,12/31/2014,48918186,42552194,413271,5952721,1904952,133328,1650028,121596
Des Moines Metro,64380,12/31/2015,50868435,44223991,544788,6099656,2045160,120460,1777764,146936
Des Moines Metro,64380,12/31/2016,51140747,44407555,461328,6271864,2066569,109340,1785021,172208
Des Moines Metro,64380,12/31/2017,54773256,47472795,817832,6482629,2234884,132713,1891407,210764
Public Employees,64390,12/31/2018,27792735,23591803,27233,4173699,850541,224745,506125,119671
Public Employees,64390,12/31/2005,20293557,17487931,19926,2785700,958975,337773,464844,156358
Public Employees,64390,12/31/2006,20305301,17365135,27000,2913166,1069983,484254,458264,127465
Public Employees,64390,12/31/2007,20597499,17528101,58473,3010925,1147677,538006,495077,114594
Public Employees,64390,12/31/2008,21167728,17967008,64697,3136023,1145436,503066,515209,127161
Public Employees,64390,12/31/2009,22278199,18975000,41694,3280403,1151081,388846,496035,125481
Public Employees,64390,12/31/2010,23802800,20599793,-112626,3426884,994849,294609,553759,146481
Public Employees,64390,12/31/2011,24953186,21652864,-81839,3506573,865921,258451,527781,79689
Public Employees,64390,12/31/2012,25985457,22575053,-38196,3597316,795873,216632,488498,90743
Public Employees,64390,12/31/2013,25732762,22231209,-124448,3683958,728985,176269,466074,86642
Public Employees,64390,12/31/2014,25647325,21869608,18086,3759631,716552,143101,497778,75673
Public Employees,64390,12/31/2015,26417549,22465423,32269,3919857,807255,153989,493040,160226
Public Employees,64390,12/31/2016,27173387,23169183,20228,3983976,740973,187938,488916,64119
Public Employees,64390,12/31/2017,27137977,23057253,26696,4054028,766063,195624,488694,81745
Best of Iowa Community,64391,12/31/2005,33165527,26028956,3502135,3634436,2209540,388480,1743719,77341
Best of Iowa Community,64391,12/31/2006,36541872,29931787,2839912,3770173,2477768,598049,1743983,135736
Best of Iowa Community,64391,12/31/2007,37434984,28680357,4887707,3866920,2815282,831836,1886699,96747
Best of Iowa Community,64391,12/31/2008,39931015,29174397,7168753,3921667,2868505,697676,2116082,54747
Best of Iowa Community,64391,12/31/2009,44891494,34571180,6537237,4084032,3315723,630538,2285171,162366
AY  McDonald Employees,64392,12/31/2005,820922,701816,1500,117606,42566,13179,27809,1578
AY  McDonald Employees,64392,12/31/2006,815328,694585,1426,119317,46644,16950,27984,1710
AY  McDonald Employees,64392,12/31/2007,726839,605474,1049,120316,43909,14696,28213,1000
AY  McDonald Employees,64392,12/31/2008,675467,552364,327,122776,37483,9837,25186,2460
AY  McDonald Employees,64392,12/31/2009,679890,558192,359,121339,36865,6255,27390,-1436
AY  McDonald Employees,64392,12/31/2010,661509,543745,208,117556,33210,3691,33301,-3782
AY  McDonald Employees,64392,12/31/2011,673407,554917,323,118167,28947,2640,25696,611
AY  McDonald Employees,64392,12/31/2012,709003,589200,487,119316,25425,2075,21571,1779
AY  McDonald Employees,64392,12/31/2013,669819,554076,299,115444,19945,2572,21245,-3872
AY  McDonald Employees,64392,12/31/2014,680143,565728,4491,109924,17037,2377,20181,-5521
HI-TEC,64395,12/31/2005,2942650,2582502,11160,348988,204940,16190,161418,27332
HI-TEC,64395,12/31/2006,2807222,2430003,10381,366838,211248,19102,174296,17850
HI-TEC,64395,12/31/2007,2754537,2355063,12938,386536,220847,19500,181650,19697
HI-TEC,64395,12/31/2008,2701250,2303270,10856,387124,203174,14336,188250,588
HI-TEC,64395,12/31/2009,2775775,2408757,10345,356673,204663,9608,222051,-30451
Sioux Valley Community,64417,12/31/2018,28391057,24081243,175183,4134631,1338527,32567,1343030,-37070
Sioux Valley Community,64417,12/31/2005,20744718,16606593,188345,3949780,930787,92832,781998,55957
Sioux Valley Community,64417,12/31/2006,19400870,15153824,211362,4035684,995238,109240,800093,85905
Sioux Valley Community,64417,12/31/2007,19442650,15108350,197697,4136603,1068135,167891,799326,100918
Sioux Valley Community,64417,12/31/2008,19353144,14996933,169480,4186731,1022358,163953,808279,50126
Sioux Valley Community,64417,12/31/2009,20767926,16435168,168908,4163850,966782,94529,773317,-22879
Sioux Valley Community,64417,12/31/2010,21400151,17094464,189149,4116538,829697,54333,822676,-47312
Sioux Valley Community,64417,12/31/2011,22186362,17929499,180589,4076274,756804,35874,761193,-40263
Sioux Valley Community,64417,12/31/2012,22703259,18511004,199153,3993102,678944,26062,736055,-83173
Sioux Valley Community,64417,12/31/2013,23066524,18932485,165065,3968974,734283,22641,735768,-24126
Sioux Valley Community,64417,12/31/2014,24925813,20804229,98322,4023262,871368,23032,795809,52527
Sioux Valley Community,64417,12/31/2015,27462626,23179711,183724,4099191,1021518,29279,916311,75928
Sioux Valley Community,64417,12/31/2016,28217596,23780432,191978,4245186,1205684,32874,1026815,145995
Sioux Valley Community,64417,12/31/2017,30188102,25801056,215343,4171703,1140322,33346,1180460,-73484
Veridian,64418,12/31/2018,4145422058,3438564612,47016881,402349838,205904299,34455884,116155069,50628531
Veridian,64418,12/31/2005,1077418439,943342574,29420268,106287458,64077826,16862206,41785567,5430053
Veridian,64418,12/31/2006,1176693923,1044568741,20778257,112450608,74283943,25082314,43038479,6163150
Veridian,64418,12/31/2007,1284209174,1141363622,22907515,119474196,86176993,33169190,45984216,7023587
Veridian,64418,12/31/2008,1430923931,1271069585,32150806,130049083,98005104,33665425,53765492,10574187
Veridian,64418,12/31/2009,1689420447,1489531190,49561516,147171431,107381254,29193934,59095230,17122347
Veridian,64418,12/31/2010,1783385449,1582920904,25008177,172170709,111247182,23753713,62494191,24999278
Veridian,64418,12/31/2011,2019283703,1791209915,23951050,197255985,111577893,21634425,64858192,25085276
Veridian,64418,12/31/2012,2350047928,2093344446,27909894,221211382,111429234,21527420,65946417,23955397
Veridian,64418,12/31/2013,2433983009,2164394101,25150877,243425601,113732371,18073824,73444328,22214219
Veridian,64418,12/31/2014,2640538050,2338840435,31911392,268038203,122422134,16919322,80861413,24641399
Veridian,64418,12/31/2015,2952893688,2549573712,108456870,295439196,130656539,18780672,84474874,27400993
Veridian,64418,12/31/2016,3101782638,2747342624,40380704,314222998,134358264,21828510,93745952,18783802
Veridian,64418,12/31/2017,3558094305,3049694647,49422321,351721306,166281453,24201038,103641690,37498308
Federal Employees,64443,12/31/2005,13211730,11979777,84867,1147086,875022,126103,691986,56933
Federal Employees,64443,12/31/2006,12885037,11582272,33570,1269195,983318,209367,663842,110109
Federal Employees,64443,12/31/2007,12899471,11500964,50414,1348093,1022093,224596,718599,78898
Federal Employees,64443,12/31/2008,13727686,12304365,44375,1378946,943147,162186,750108,30853
Federal Employees,64443,12/31/2009,19484202,17392027,61800,2030375,1184700,142132,1012100,-94636
Federal Employees,64443,12/31/2010,18857316,16913927,47933,1895456,1059046,110287,1083679,-134920
Federal Employees,64443,12/31/2011,18269362,16393719,69858,1805785,959266,74129,974807,-89670
Federal Employees,64443,12/31/2012,18516464,16707964,57921,1750579,872868,45080,882994,-55206
Federal Employees,64443,12/31/2013,18514518,16677187,66208,1771123,877796,25389,831863,20544
Northwestern States Cement Employee's,64468,12/31/2005,1000823,690108,16709,294006,76419,4119,66552,5748
Northwestern States Cement Employee's,64468,12/31/2006,925638,599978,24349,301311,80664,5389,67970,7305
Northwestern States Cement Employee's,64468,12/31/2007,957516,634268,18868,304380,81238,7258,70912,3068
Northwestern States Cement Employee's,64468,12/31/2008,976373,647919,17729,310725,83535,6655,70535,6345
Northwestern States Cement Employee's,64468,12/31/2009,1002116,679072,17702,305342,75747,4218,71468,-5382
Northwestern States Cement Employee's,64468,12/31/2010,880905,564453,10703,305749,71444,2366,68983,95
Northwestern States Cement Employee's,64468,12/31/2011,812697,496728,1862,314107,73964,1817,70166,1981
Northwestern States Cement Employee's,64468,12/31/2012,868987,559649,1589,307749,69534,1817,70479,-2762
Northwestern States Cement Employee's,64468,12/31/2013,831932,541663,2338,287931,53679,1666,71367,-19354
Northwestern States Cement Employee's,64468,12/31/2014,724565,432535,10701,281329,61974,1053,67523,-6602
Waterloo Police,64469,12/31/2005,2377316,2017154,0,360162,109058,37090,65549,6419
Waterloo Police,64469,12/31/2006,2265601,1897091,4240,364270,118783,49464,65210,4109
Waterloo Police,64469,12/31/2007,2433713,2052274,12187,369252,124914,57239,62695,4980
Waterloo Police,64469,12/31/2008,2780468,2394174,10604,375690,130804,63154,61211,6439
Waterloo Police,64469,12/31/2009,2801284,2417162,8296,375826,132928,55208,57486,136
Waterloo Police,64469,12/31/2010,2675814,2294318,5284,376212,97756,32473,64795,488
Waterloo Police,64469,12/31/2011,2668787,2286780,5603,376404,87818,23492,64134,192
Waterloo Police,64469,12/31/2012,2731532,2358431,4684,368417,78762,22870,63873,-7981
Waterloo Police,64469,12/31/2013,2424141,2058790,2180,363171,65783,14175,56854,-5246
Waterloo Police,64469,12/31/2014,2216836,1856730,2444,357662,56191,6355,55345,-5509
Du Trac Community,64471,12/31/2018,709901629,616168803,3059643,91715509,34299673,2395102,20869485,7792571
Du Trac Community,64471,12/31/2005,271616648,226189321,11235122,34836610,17034624,3960804,11525255,1548565
Du Trac Community,64471,12/31/2006,286200601,246240330,3537907,36899491,19707224,5578781,12065562,2062881
Du Trac Community,64471,12/31/2007,325588603,280745242,3823425,40991699,24344940,8008415,13372813,2963712
Du Trac Community,64471,12/31/2008,359084020,312196509,3646102,44149854,25212174,7552038,14501981,3158155
Du Trac Community,64471,12/31/2009,450572877,401221357,4377097,46643447,28537107,7972355,15029541,2493593
Du Trac Community,64471,12/31/2010,483292390,428833017,3484429,49659856,25438154,6917845,15503900,3016409
Du Trac Community,64471,12/31/2011,514639100,454705539,3452704,52614445,25850532,5869989,17025954,2954589
Du Trac Community,64471,12/31/2012,551536733,485601464,3251400,58581728,25956590,4778098,16491701,4686791
Du Trac Community,64471,12/31/2013,571662054,505778931,3348654,62936317,25260490,3914639,16991261,4354590
Du Trac Community,64471,12/31/2014,620315533,547710792,3314126,69502410,26805488,3751478,17981243,5072767
Du Trac Community,64471,12/31/2015,623440087,547628610,3546496,75023963,25082591,3196764,18369809,3516018
Du Trac Community,64471,12/31/2016,657746307,568401481,13020898,78747499,26002478,3050700,19228243,3723535
Du Trac Community,64471,12/31/2017,704921520,614954680,2786023,83922939,28639885,2996599,19881315,5175440
Des Moines County Postal,64480,12/31/2005,2650612,2200510,1708,448394,118282,34065,80067,4150
Des Moines County Postal,64480,12/31/2006,2398324,1942479,1989,453856,124669,49140,70067,5462
Des Moines County Postal,64480,12/31/2007,2330122,1871783,2264,456075,130699,57030,71450,2219
Des Moines County Postal,64480,12/31/2008,2749284,2290633,2173,456478,127915,51286,76226,403
Des Moines County Postal,64480,12/31/2009,2903440,2437939,2372,463129,136388,35887,74527,6651
Des Moines County Postal,64480,12/31/2010,3009815,2538539,2375,468901,112308,25910,80626,5772
Des Moines County Postal,64480,12/31/2011,2939273,2464676,2449,472148,98714,14264,81203,3247
Des Moines County Postal,64480,12/31/2012,2991433,2516285,2403,472745,91633,7758,83278,597
Des Moines County Postal,64480,12/31/2013,2867804,2394431,579,472794,87741,6222,81470,49
Des Moines County Postal,64480,12/31/2014,2697968,2224171,730,473067,82303,7223,74807,273
Des Moines County Postal,64480,12/31/2015,2369857,1895944,673,473240,82200,7648,74378,174
Des Moines County Postal,64480,12/31/2016,2418762,1943013,2214,473535,83158,9534,73329,295
Des Moines County Postal,64480,12/31/2017,2168503,1693084,2648,472771,89018,8886,80897,-765
KCSE,64667,12/31/2005,1776517,1579769,951,195797,93882,29753,55174,8955
KCSE,64667,12/31/2006,1488854,1289252,2254,197348,92684,35234,55899,1551
Cryovac Employees',64672,12/31/2005,2401931,1880077,8133,513721,154557,31693,85221,37643
Cryovac Employees',64672,12/31/2006,2367003,1810710,9641,546652,162766,38588,91245,32933
Cryovac Employees',64672,12/31/2007,2449865,1863945,7177,578743,168768,39703,96975,32090
Cryovac Employees',64672,12/31/2008,2676469,2062265,7988,606216,167585,45423,94689,27473
Midwest Federal Employees,64727,12/31/2005,7045034,6120002,20960,904072,362218,59888,274079,28251
Midwest Federal Employees,64727,12/31/2006,6819197,5884567,27042,907588,388363,93873,290974,3516
Midwest Federal Employees,64727,12/31/2007,6630664,5673720,37731,919213,412938,140364,260949,11625
Midwest Federal Employees,64727,12/31/2008,6917473,5927544,47139,942790,405584,133425,248581,23578
Midwest Federal Employees,64727,12/31/2009,7977704,6990443,24252,963009,393531,111875,211254,20217
Midwest Federal Employees,64727,12/31/2010,8202078,7198631,18220,985227,318230,52473,243539,22218
Midwest Federal Employees,64727,12/31/2011,7677593,6661284,19847,996462,271609,18582,246198,6829
Midwest Federal Employees,64727,12/31/2012,8043642,7037447,10504,995691,250144,19615,231300,-771
Midwest Federal Employees,64727,12/31/2013,7740275,6770122,5456,964697,199666,14915,211919,-27168
Midwest Federal Employees,64727,12/31/2014,7222282,6262320,9225,950737,185161,9922,189199,-13960
AMPI,64732,12/31/2005,826119,706165,0,119954,37576,24596,12523,457
AMPI,64732,12/31/2006,698029,577721,0,120308,36765,22760,13651,354
Von Maur Employees,64770,12/31/2005,435036,364849,1206,68981,24640,1804,22018,818
Von Maur Employees,64770,12/31/2006,458285,386075,1788,70422,27271,2056,23774,1441
Von Maur Employees,64770,12/31/2007,448298,373050,2113,73135,31013,2972,25328,2713
Von Maur Employees,64770,12/31/2008,467636,392040,1731,73865,28193,2840,24623,730
Von Maur Employees,64770,12/31/2009,505779,432461,870,72448,30108,2000,26190,-1417
Von Maur Employees,64770,12/31/2010,512523,437726,1900,72897,28484,1303,26733,448
Von Maur Employees,64770,12/31/2011,484033,415417,599,68017,25470,555,29794,-4879
Von Maur Employees,64770,12/31/2012,535837,469725,699,65413,25782,553,27833,-2604
Warren,64790,12/31/2018,4497440,3476688,5224,1015501,184185,51769,129735,2681
Warren,64790,12/31/2005,6922975,5834548,13063,1075364,459100,208671,175100,75329
Warren,64790,12/31/2006,7049321,5831784,13323,1204214,517860,231072,157937,128851
Warren,64790,12/31/2007,7129778,5770099,11010,1348669,570561,236000,190106,144455
Warren,64790,12/31/2008,7617626,6196066,10164,1411396,548600,233056,252816,62728
Warren,64790,12/31/2009,7512395,6642452,10013,859930,560023,141453,922083,-551467
Warren,64790,12/31/2010,6339442,5689056,6031,644355,392174,17269,590479,-215574
Warren,64790,12/31/2011,5854324,4907950,14146,932228,295423,12925,176626,105872
Warren,64790,12/31/2012,4556904,3560981,29730,966193,228251,27848,166438,33965
Warren,64790,12/31/2013,4429471,3431673,17334,980464,199644,41886,143487,14271
Warren,64790,12/31/2014,4210053,3205904,16129,988020,177691,34043,136092,7556
Warren,64790,12/31/2015,4157355,3140739,5607,1011009,185334,47212,125498,12624
Warren,64790,12/31/2016,4264245,3248133,4142,1011970,159460,36313,122183,964
Warren,64790,12/31/2017,4651562,3634406,4312,1012820,161167,30489,129828,850
Casebine Community,64868,12/31/2018,29532429,23751181,204054,5065011,1655796,14842,1542465,62723
Casebine Community,64868,12/31/2005,23242514,19352089,228107,3661788,1600877,232004,1086593,282280
Casebine Community,64868,12/31/2006,22658802,18490317,245173,3923305,1741031,283374,1196139,261518
Casebine Community,64868,12/31/2007,24166709,19663189,249412,4254076,1875384,408262,1173324,293798
Casebine Community,64868,12/31/2008,25808008,21256117,223867,4328024,1883080,464386,1344756,73938
Casebine Community,64868,12/31/2009,27155287,22482450,132751,4540086,1916459,270994,1261076,212072
Casebine Community,64868,12/31/2010,28313415,23334008,200590,4778817,1785729,216440,1368238,201051
Casebine Community,64868,12/31/2011,29485783,24391743,105675,4988365,1706945,177707,1319691,209547
Casebine Community,64868,12/31/2012,32700773,27483647,133579,5086259,1858463,156388,1629180,72895
Casebine Community,64868,12/31/2013,31054939,25728268,156750,5180908,1844632,72228,1677754,94650
Casebine Community,64868,12/31/2014,32318642,26383907,668519,5269634,1785204,52517,1644965,87722
Casebine Community,64868,12/31/2015,32668576,27118816,196832,5356683,1851662,69889,1694725,87048
Casebine Community,64868,12/31/2016,34147606,27300332,1755421,5095534,1699880,75714,1885314,-261148
Casebine Community,64868,12/31/2017,31207884,24903393,290934,5002286,1684626,32465,1705579,-93247
5 Star Community,64878,12/31/2018,33907547,30681830,100111,3160047,1717827,121337,1464563,130976
5 Star Community,64878,12/31/2005,13957593,12292806,133537,1531250,1059000,149530,625930,283540
5 Star Community,64878,12/31/2006,14807273,12658442,408643,1740188,1249987,242189,798860,208938
5 Star Community,64878,12/31/2007,16247291,14101386,189611,1956294,1386047,332460,837480,216107
5 Star Community,64878,12/31/2008,14429145,12787550,282968,1358627,1361012,280039,1677732,-596759
5 Star Community,64878,12/31/2009,15137030,13295823,187520,1653687,1285573,134471,754164,295061
5 Star Community,64878,12/31/2010,15710258,13290268,481142,1938848,1140774,100194,755418,285162
5 Star Community,64878,12/31/2011,17958033,15879525,30885,2047623,1135766,112061,914930,108775
5 Star Community,64878,12/31/2012,18643921,16459134,65416,2119371,1130974,84445,936779,109750
5 Star Community,64878,12/31/2013,25887284,22696213,49173,3141898,1115609,60647,984589,70373
5 Star Community,64878,12/31/2014,27213887,24176866,90874,2941876,1207481,56701,1395993,-245213
5 Star Community,64878,12/31/2015,27863832,24825229,84592,2963833,1359416,67034,1270425,21957
5 Star Community,64878,12/31/2016,29610774,26582000,128381,2992666,1378846,78248,1271764,28834
5 Star Community,64878,12/31/2017,30980981,27859467,127628,3029070,1468804,91365,1343912,33527
Swiss Valley Farms,64885,12/31/2005,639952,513431,2728,123793,28793,3776,24352,665
Swiss Valley Farms,64885,12/31/2006,617596,490835,2770,123991,28240,4066,23834,340
Alliant,64886,12/31/2018,126008933,109533170,848994,15596424,6053711,309573,4187631,1243892
Alliant,64886,12/31/2005,47560782,41441164,1122233,4997385,2584455,824476,1593193,166786
Alliant,64886,12/31/2006,51076387,44769763,1160158,5146466,3395765,1303937,1942748,149080
Alliant,64886,12/31/2007,65796629,58734889,1700045,5361695,4043167,1716736,2053102,273329
Alliant,64886,12/31/2008,68935143,61567409,1811154,5556580,4844676,1713849,2935942,194885
Alliant,64886,12/31/2009,79048855,70650475,2000460,6397920,5772255,1565612,2928384,841340
Alliant,64886,12/31/2010,85076558,76963237,898444,7214877,4979239,1246481,2915802,816956
Alliant,64886,12/31/2011,87036154,78228714,738896,8068544,4921102,941236,3126199,853667
Alliant,64886,12/31/2012,91601500,81946178,651699,9003623,4880757,777188,3168489,935080
Alliant,64886,12/31/2013,95373658,85142326,622591,9608741,4523033,602767,3315149,605117
Alliant,64886,12/31/2014,96243645,83784165,2190255,10269225,4531074,513608,3356983,660483
Alliant,64886,12/31/2015,112992976,100161696,827393,12003887,4929337,521148,3785782,622407
Alliant,64886,12/31/2016,116949844,103091921,936021,12921902,5291283,515317,3857951,918015
Alliant,64886,12/31/2017,122313846,107434306,919517,13913362,5527905,247717,4031552,991459
Dubuque Postal Employees,64917,12/31/2018,4615981,4069951,16203,529827,126731,48557,62014,16160
Dubuque Postal Employees,64917,12/31/2005,4258798,3591951,279977,386870,204737,113639,76684,14414
Dubuque Postal Employees,64917,12/31/2006,3722112,3236072,85948,400092,190984,114242,65380,11362
Dubuque Postal Employees,64917,12/31/2007,3495777,3049900,20434,425443,193573,114073,58375,21125
Dubuque Postal Employees,64917,12/31/2008,3882095,3425677,27598,428820,182976,114110,58729,10137
Dubuque Postal Employees,64917,12/31/2009,4484869,4042293,37713,404863,216550,120153,61838,13515
Dubuque Postal Employees,64917,12/31/2010,4993285,4552358,36013,404914,190077,106597,68527,14953
Dubuque Postal Employees,64917,12/31/2011,4774437,4320363,28058,426016,185906,77822,87554,20530
Dubuque Postal Employees,64917,12/31/2012,4662368,4198696,21524,442148,133113,45266,71714,16133
Dubuque Postal Employees,64917,12/31/2013,4455327,3974545,22716,458066,115705,45679,55093,14933
Dubuque Postal Employees,64917,12/31/2014,4396117,3903281,23874,468962,98059,33000,54218,10841
Dubuque Postal Employees,64917,12/31/2015,4312748,3795393,25613,491742,106093,31500,51812,22781
Dubuque Postal Employees,64917,12/31/2016,4236289,3715923,15819,504547,97570,33950,58227,5393
Dubuque Postal Employees,64917,12/31/2017,4512130,3983666,13797,514667,105812,34000,59954,11858
Des Moines Fire Department,64943,12/31/2018,4357975,3524472,0,833503,144625,13171,127541,3913
Des Moines Fire Department,64943,12/31/2005,6441227,5644408,0,796819,303993,131754,143218,29021
Des Moines Fire Department,64943,12/31/2006,6129659,5326589,0,803070,324610,160830,157530,6250
Des Moines Fire Department,64943,12/31/2007,5817032,5009507,0,807525,330221,177453,148314,4454
Des Moines Fire Department,64943,12/31/2008,6092437,5281124,0,811313,284074,127072,153214,3788
Des Moines Fire Department,64943,12/31/2009,6280727,5463048,0,817647,303848,94851,158303,6333
Des Moines Fire Department,64943,12/31/2010,6345549,5524741,32,820776,212728,45527,164071,3130
Des Moines Fire Department,64943,12/31/2011,6153662,5330472,0,823190,216439,40721,173303,2415
Des Moines Fire Department,64943,12/31/2012,6020050,5196284,0,823766,194468,31637,162256,575
Des Moines Fire Department,64943,12/31/2013,5460355,4640420,0,819935,142156,11261,134725,-3830
Des Moines Fire Department,64943,12/31/2014,5264555,4442969,0,821586,132364,9071,121641,1652
Des Moines Fire Department,64943,12/31/2015,4969724,4146002,0,823722,131355,8531,120688,2136
Des Moines Fire Department,64943,12/31/2016,4757433,3930154,0,827279,172931,18300,151074,3557
Des Moines Fire Department,64943,12/31/2017,4480195,3650603,0,829592,135665,8300,125052,2313
Midwest Utilities,64945,12/31/2005,3007710,2408397,274365,324948,193202,41218,135705,16279
Midwest Utilities,64945,12/31/2006,2902591,2558355,23458,320778,194413,49171,149412,-4170
Midwest Utilities,64945,12/31/2007,2892632,2598599,19947,274086,198229,57189,180162,-39122
Midwest Utilities,64945,12/31/2008,2572020,2268788,39192,264040,197837,48511,159372,-10046
Midwest Utilities,64945,12/31/2009,2614690,2339183,9102,266405,205574,27271,156861,2365
Midwest Utilities,64945,12/31/2010,2296164,1992908,26102,277154,175134,13985,150399,10750
Midwest Utilities,64945,12/31/2011,2184515,1888777,41786,253952,157481,10861,170823,-24203
Scott Schools,64946,12/31/2005,9161915,8335115,16721,810079,539739,52793,388541,98405
Scott Schools,64946,12/31/2006,9608697,8675481,43537,889679,614003,112813,420346,80844
Scott Schools,64946,12/31/2007,10110516,9053522,87490,969504,689080,171801,437545,79734
Scott Schools,64946,12/31/2008,12682584,11595474,42971,1044139,749543,225310,449598,74635
Scott Schools,64946,12/31/2009,15659659,14385664,47573,1226422,854386,199870,454416,182266
Scott Schools,64946,12/31/2010,16110780,14727817,37338,1345625,809656,158986,532044,118626
Scott Schools,64946,12/31/2011,18346189,16880131,38489,1427569,843850,123738,544234,175878
Scott Schools,64946,12/31/2012,18682837,17035926,50982,1595929,850046,98203,583506,168337
Creamery,64963,12/31/2005,1372738,1202400,25092,145246,74335,31955,35130,7250
Creamery,64963,12/31/2006,1219902,1070426,183,149293,67403,35745,27610,4048
Creamery,64963,12/31/2007,1301452,1144273,367,156812,66865,44244,15103,7518
Creamery,64963,12/31/2008,1366191,1206759,367,159065,59981,38713,19014,2254
Creamery,64963,12/31/2009,1420356,1261665,643,158048,59191,23738,26295,-1017
Creamery,64963,12/31/2010,1334192,1175592,552,158048,44245,17619,19870,6756
MHI,64966,12/31/2005,987951,821120,2797,164034,69947,19200,38556,12191
MHI,64966,12/31/2006,965033,752567,26875,185591,70966,20719,28691,21556
MHI,64966,12/31/2007,925065,719952,9538,195575,70193,22200,38008,9985
MHI,64966,12/31/2008,1207683,956136,55798,195749,75614,19450,55990,174
MHI,64966,12/31/2009,1557402,1338658,6334,212410,107228,25320,63813,16661
MHI,64966,12/31/2010,2029008,1738552,56117,234339,137994,43933,72132,21929
River Community,64986,12/31/2018,19172393,16252719,122942,2766374,1015433,100233,768728,145745
River Community,64986,12/31/2005,9291222,7829157,65085,1396980,684005,125213,464873,93919
River Community,64986,12/31/2006,9486696,7880469,76262,1529965,763775,173410,457379,132986
River Community,64986,12/31/2007,10026760,8267355,92132,1667273,827473,203821,486345,137307
River Community,64986,12/31/2008,10593046,8639171,76847,1877028,872460,186854,475851,209755
River Community,64986,12/31/2009,11894038,9759233,77654,2057109,911611,139632,519355,180081
River Community,64986,12/31/2010,12849020,10545187,45494,2251419,859484,115792,549381,194311
River Community,64986,12/31/2011,14569929,12138067,56962,2372210,810295,124748,564757,120790
River Community,64986,12/31/2012,17565308,15097364,95013,2372931,730291,124997,604573,721
River Community,64986,12/31/2013,17602007,15208881,33069,2360057,717343,98981,586417,31945
River Community,64986,12/31/2014,17309914,14861082,61894,2386938,721351,85799,608669,26883
River Community,64986,12/31/2015,17704555,15182229,111974,2410352,750367,73219,654094,23054
River Community,64986,12/31/2016,16101517,13524094,92342,2485452,785929,58131,652697,75101
River Community,64986,12/31/2017,16987627,14206175,141561,2620630,872645,61766,675702,135177
Health Services,64989,12/31/2005,10511900,9561733,51254,898913,590008,126947,473219,-10158
Health Services,64989,12/31/2006,10658798,9710729,56075,891994,691903,157640,541182,-6919
Quaker Oats,64991,12/31/2018,9657089,8128397,37238,1491164,596310,19285,471572,103782
Quaker Oats,64991,12/31/2005,6500172,5295813,47498,1156861,509259,57638,400843,50778
Quaker Oats,64991,12/31/2006,6015982,4708333,55794,1251855,563920,51003,417924,94993
Quaker Oats,64991,12/31/2007,5892976,4448949,123017,1321010,572442,53068,450218,69156
Quaker Oats,64991,12/31/2008,6141829,4740163,40693,1360973,624174,62341,522080,39753
Quaker Oats,64991,12/31/2009,6657427,5256942,39329,1361156,621187,56297,557133,393
Quaker Oats,64991,12/31/2010,6589099,5260639,46809,1281651,630755,45604,664926,-79775
Quaker Oats,64991,12/31/2011,6828699,5504507,39278,1284914,559526,43091,513172,3263
Quaker Oats,64991,12/31/2012,7775835,6443179,35518,1297138,546810,39522,495064,12224
Quaker Oats,64991,12/31/2013,7760680,6411921,34457,1314302,542109,30319,494626,17164
Quaker Oats,64991,12/31/2014,8008638,6633868,42759,1332011,539459,25740,496011,17708
Quaker Oats,64991,12/31/2015,8402426,7107774,43883,1250769,507137,25227,563152,-81242
Quaker Oats,64991,12/31/2016,8339278,6992695,48152,1298431,561768,23396,490710,47662
Quaker Oats,64991,12/31/2017,9280125,7851750,40758,1387064,558993,18720,449619,88633
General Drivers,65021,12/31/2005,3981124,3053348,2000,925776,263862,38779,187386,37697
General Drivers,65021,12/31/2006,3848813,2864891,18306,965616,276759,72112,164640,40007
General Drivers,65021,12/31/2007,4153968,3133212,32024,988732,274522,69916,181491,23115
General Drivers,65021,12/31/2008,4335041,3261954,40303,1032784,266781,74862,147866,44053
General Drivers,65021,12/31/2009,6231839,5138452,53226,1040161,307282,107730,164504,7375
General Drivers,65021,12/31/2010,5925129,4884888,15473,1024768,295804,92563,278319,-75078
General Drivers,65021,12/31/2011,6622917,5615350,16468,991099,251239,67508,204974,-21243
General Drivers,65021,12/31/2012,7129155,6116949,16989,995217,276674,70948,198952,6774
General Drivers,65021,12/31/2013,6766067,5778299,5882,981886,249716,59968,207657,-17909
General Drivers,65021,12/31/2014,6595070,5633226,9111,952733,199152,38327,189976,-29151
Polk County,65039,12/31/2018,5430954,4462857,271,967826,272937,33588,190170,49179
Polk County,65039,12/31/2005,3269465,2518995,2526,747944,189545,38371,121239,29935
Polk County,65039,12/31/2006,3113364,2344666,2624,766074,188059,50002,119848,18209
Polk County,65039,12/31/2007,2964824,2181453,2270,781101,180642,53194,112568,14880
Polk County,65039,12/31/2008,3324786,2521823,1857,801106,183723,57644,106075,20004
Polk County,65039,12/31/2009,3397879,2539257,6412,852210,217277,24244,120749,51101
Polk County,65039,12/31/2010,3705988,2829628,7018,869342,200929,37970,145774,17185
Polk County,65039,12/31/2011,3704154,2833230,4930,869532,198522,27742,174318,-3538
Polk County,65039,12/31/2012,4051986,3180420,2425,865995,182521,32364,147689,2468
Polk County,65039,12/31/2013,4426517,3581679,5939,838899,199532,33194,196581,-30243
Polk County,65039,12/31/2014,4675224,3914319,-2585,763490,177809,17493,236484,-76168
Polk County,65039,12/31/2015,4879709,4101121,-3304,781892,220953,21386,181165,18402
Polk County,65039,12/31/2016,5291732,4454218,-3218,840732,241582,23932,158809,58841
Polk County,65039,12/31/2017,5311830,4396248,-3065,918647,259824,31116,150793,77915
Gas & Electric Employees,65040,12/31/2018,4999134,3251733,208,1747193,162814,28859,87062,46893
Gas & Electric Employees,65040,12/31/2005,4134695,3195153,443,939099,187745,81764,66028,39953
Gas & Electric Employees,65040,12/31/2006,3959131,2980556,4638,973937,194342,92311,67195,34836
Gas & Electric Employees,65040,12/31/2007,3857678,2829577,282,1027819,222646,96255,72513,53878
Gas & Electric Employees,65040,12/31/2008,3983374,2903988,570,1078816,210664,86590,73078,50996
Gas & Electric Employees,65040,12/31/2009,4389854,3226468,513,1162873,256789,78970,89309,83992
Gas & Electric Employees,65040,12/31/2010,4549731,3306566,1894,1241271,231739,57300,83009,91430
Gas & Electric Employees,65040,12/31/2011,4745605,3432373,16556,1296676,210882,48799,106683,55400
Gas & Electric Employees,65040,12/31/2012,4939796,3570619,12146,1357031,226367,48829,117182,60356
Gas & Electric Employees,65040,12/31/2013,5201149,3766837,11818,1422494,185011,34795,84759,65457
Gas & Electric Employees,65040,12/31/2014,5357306,3851959,6381,1498966,190642,33006,81159,76477
Gas & Electric Employees,65040,12/31/2015,5635553,4064250,4000,1567303,179758,33312,78109,68337
Gas & Electric Employees,65040,12/31/2016,5392942,3750617,0,1642325,181084,32284,73778,75022
Gas & Electric Employees,65040,12/31/2017,5301284,3600464,520,1700300,165872,29732,78165,57975
RACOM Community,65043,12/31/2005,9320072,8192546,22169,1105357,607299,167915,457565,-18181
RACOM Community,65043,12/31/2006,9696120,8486569,39169,1170382,641302,223846,384217,33239
RACOM Community,65043,12/31/2007,10634088,9426353,37749,1169986,705438,262245,443589,-396
RACOM Community,65043,12/31/2008,10873277,9591325,39043,1242909,730415,238540,418952,72923
RACOM Community,65043,12/31/2009,11071016,9794357,37344,1239315,721566,179314,467734,-3594
RACOM Community,65043,12/31/2010,11693966,10422223,13197,1258546,642220,124670,498320,19230
RACOM Community,65043,12/31/2011,11743718,10433416,29810,1280492,620500,84384,514170,21946
St Ludmila's,65062,12/31/2018,339214,228813,502,109538,10244,361,9840,43
St Ludmila's,65062,12/31/2005,574384,463707,9320,101357,29728,9094,17364,3270
St Ludmila's,65062,12/31/2006,407740,295853,8483,103404,28147,7582,18518,2047
St Ludmila's,65062,12/31/2007,372549,261871,5813,104865,23314,4912,16941,1461
St Ludmila's,65062,12/31/2008,384534,276988,2387,105159,18495,1367,16834,294
St Ludmila's,65062,12/31/2009,382083,273747,1825,106511,19115,1368,16394,1353
St Ludmila's,65062,12/31/2010,379100,271528,1132,106440,16562,670,15434,458
St Ludmila's,65062,12/31/2011,374910,266984,1395,106531,14861,957,13812,92
St Ludmila's,65062,12/31/2012,377680,268960,1742,106978,15387,1278,13662,447
St Ludmila's,65062,12/31/2013,383299,274322,1833,107144,13505,1336,12003,166
St Ludmila's,65062,12/31/2014,409584,301474,942,107168,12621,445,12152,24
St Ludmila's,65062,12/31/2015,373396,262166,1921,109309,15937,1424,12372,2141
St Ludmila's,65062,12/31/2016,379374,268578,1403,109393,10951,901,9965,85
St Ludmila's,65062,12/31/2017,355464,244579,502,109495,10977,888,9987,102
UNI,65071,12/31/2018,21785011,18542516,47873,3017290,827622,24827,612319,161923
UNI,65071,12/31/2005,13344786,11501365,42638,1800783,805029,139264,529364,136401
UNI,65071,12/31/2006,13527042,11501837,86965,1938240,836164,175993,522714,137457
UNI,65071,12/31/2007,14430016,12320513,61673,2047830,953141,266609,576944,109588
UNI,65071,12/31/2008,15264884,13079843,57208,2127833,911231,231292,599936,80003
UNI,65071,12/31/2009,16547299,14297891,58801,2190607,928222,176124,577604,62774
UNI,65071,12/31/2010,16826460,14510408,64544,2251508,827029,138448,642730,45851
UNI,65071,12/31/2011,17483911,15086490,66451,2330970,796553,134318,582773,79462
UNI,65071,12/31/2012,20470314,17619751,45358,2631988,889560,121293,721200,47067
UNI,65071,12/31/2013,20088482,17281181,53474,2580610,784224,76165,759438,-51379
UNI,65071,12/31/2014,18806745,15730468,268543,2634517,743654,57346,632401,53907
UNI,65071,12/31/2015,20421746,17490831,48538,2709160,716050,48253,593153,74644
UNI,65071,12/31/2016,21225020,18210334,46346,2795123,718317,45851,586503,85963
UNI,65071,12/31/2017,22058048,18976781,49939,2855363,744059,25016,638684,60241
Community Choice,65078,12/31/2018,506691731,425992361,5289099,55874367,32380712,1485045,25111766,5674493
Community Choice,65078,12/31/2005,170285490,151662246,954648,17668596,11194212,1796356,7516776,1881080
Community Choice,65078,12/31/2006,196887922,174703046,1131497,21053379,14418344,3349428,8735051,2333865
Community Choice,65078,12/31/2007,212718958,188145413,1214078,23359467,16524013,4641782,9576142,2306089
Community Choice,65078,12/31/2008,229823510,204727128,1281588,23814794,16308151,4083338,11769486,455327
Community Choice,65078,12/31/2009,285674643,238157291,21494232,26023120,18347894,3343825,12154353,2208326
Community Choice,65078,12/31/2010,304797856,275242052,1563996,27991808,18104969,2916880,13219402,1968687
Community Choice,65078,12/31/2011,334723036,305546075,1971957,27489339,19242303,2769426,16970285,-497408
Community Choice,65078,12/31/2012,371262474,339026403,2068579,29797586,20102182,2315546,15483449,2303187
Community Choice,65078,12/31/2013,390596519,355448829,2141618,33006072,21567796,1669855,16734122,3163819
Community Choice,65078,12/31/2014,436112363,391729026,4819991,39604122,21438043,1412005,17659977,2366061
Community Choice,65078,12/31/2015,445633483,399775791,3141099,43021016,23914538,1240436,19257208,3416894
Community Choice,65078,12/31/2016,458261123,406983664,4966321,46423706,26669686,1189756,22350586,3129344
Community Choice,65078,12/31/2017,476856887,419033425,7943902,49827605,29512880,1289469,24851174,3372237
Eagle Rock,65106,12/31/2005,1419526,1057436,205372,156718,124776,27877,70669,26230
Eagle Rock,65106,12/31/2006,1358056,851700,329087,177269,129329,28983,79795,20551
Eagle Rock,65106,12/31/2007,1406954,966756,233330,206868,128115,38946,59669,29500
Eagle Rock,65106,12/31/2008,1667296,1475109,3247,188940,131744,52962,96710,-17928
Eagle Rock,65106,12/31/2009,2068926,1857064,3542,208320,147409,47603,67960,20895
Eagle Rock,65106,12/31/2010,2338777,2092399,4236,242142,151005,32464,84412,34129
Eagle Rock,65106,12/31/2011,3449350,3180541,77,268732,233097,34575,380031,-181509
Dapako,65107,12/31/2005,478964,298513,2059,178392,37408,6675,24870,5863
Dapako,65107,12/31/2006,467409,285321,1724,180364,36313,8645,25696,1972
Dapako,65107,12/31/2007,624227,438686,718,184823,39443,12394,22590,4459
Dapako,65107,12/31/2008,660774,471320,961,188493,43630,15778,24181,3671
Dapako,65107,12/31/2009,762777,564886,2086,195805,50056,14241,24528,7796
Dapako,65107,12/31/2010,893967,683381,2487,208099,53137,12204,28660,12273
Urbandale Municipal Employees,65131,12/31/2005,1293174,1102576,0,190598,56270,29373,15078,11819
Urbandale Municipal Employees,65131,12/31/2006,1348617,1143843,0,204774,68487,42541,11770,14176
Urbandale Municipal Employees,65131,12/31/2007,1466455,1248808,0,217647,75464,51916,10675,12873
Urbandale Municipal Employees,65131,12/31/2008,1408350,1179046,0,229304,51648,30764,9227,11657
Urbandale Municipal Employees,65131,12/31/2009,1442684,1201625,1768,239291,50359,16887,11768,9987
Urbandale Municipal Employees,65131,12/31/2010,1498293,1248679,1768,247846,37342,15741,13042,8559
Urbandale Municipal Employees,65131,12/31/2011,1494949,1236753,1769,256427,38121,14082,15458,8581
Urbandale Municipal Employees,65131,12/31/2012,1447590,1184009,0,263581,30682,13720,9809,7153
St Athanasius,65136,12/31/2018,838069,735749,315,102005,44286,14734,29071,481
St Athanasius,65136,12/31/2005,709548,621104,384,88060,38917,10480,26848,1589
St Athanasius,65136,12/31/2006,658587,482600,85023,90964,39442,12362,24176,2904
St Athanasius,65136,12/31/2007,574961,483276,405,91280,37030,10530,26184,316
St Athanasius,65136,12/31/2008,545744,453238,606,91900,36354,10318,25416,620
St Athanasius,65136,12/31/2009,418167,323996,2203,91968,37218,8878,24468,68
St Athanasius,65136,12/31/2010,424478,332694,606,91178,29330,6532,23570,-772
St Athanasius,65136,12/31/2011,455324,363786,225,91313,29417,5604,23468,345
St Athanasius,65136,12/31/2012,520129,426611,658,92860,38323,6593,30183,1547
St Athanasius,65136,12/31/2013,551214,427064,30274,93876,42389,6946,34427,1016
St Athanasius,65136,12/31/2014,624813,526292,1368,97153,44091,7889,32926,3276
St Athanasius,65136,12/31/2015,656232,555806,380,100046,45107,10993,32254,1860
St Athanasius,65136,12/31/2016,667732,566005,526,101201,45508,11906,32447,1155
St Athanasius,65136,12/31/2017,813217,711294,400,101523,44933,13988,30543,323
Courier Employees,65140,12/31/2005,201054,176378,1867,22809,17278,3663,13551,64
Courier Employees,65140,12/31/2006,183858,111674,59001,13183,16666,2557,23735,-9626
Serve,65150,12/31/2018,69275786,57256714,950388,10587490,3245723,209197,2278748,648213
Des Moines Police Officers,65150,12/31/2005,22229872,18414455,371621,3443796,1155238,360141,615887,179210
Des Moines Police Officers,65150,12/31/2006,21867544,17954870,223080,3689594,1231292,434519,550973,245800
Des Moines Police Officers,65150,12/31/2007,22599102,18409616,255195,3934291,1372021,509589,617736,244696
Des Moines Police Officers,65150,12/31/2008,24938511,20647888,101746,4188877,1469113,496881,717646,254586
Des Moines Police Officers,65150,12/31/2009,29045775,24333943,119169,4592663,1816153,452423,816515,403788
Des Moines Police Officers,65150,12/31/2010,31964367,26709642,302080,4952645,1590425,391156,839289,359980
Des Moines Police Officers,65150,12/31/2011,35189677,29197301,703478,5288898,1605498,367088,902157,336253
Des Moines Police Officers,65150,12/31/2012,39658100,33531169,438756,5688175,1621175,337612,884286,399277
Des Moines Police Officers,65150,12/31/2013,42450094,35948097,429976,6072021,1605496,284729,936921,383846
Des Moines Police Officers,65150,12/31/2014,44704804,37676632,517959,6510213,1735001,245679,1051129,438193
Des Moines Police Officers,65150,12/31/2015,51685051,42891905,1250155,7542991,2028533,213962,1216168,598403
Des Moines Police Officers,65150,12/31/2016,65084365,55234812,552066,9297487,2589812,221645,1895849,472318
Serve,65150,12/31/2017,66987919,55927796,1104144,9939277,2867761,167522,1993756,632272
Town and Country,65168,12/31/2018,26408172,22029187,145328,2616808,1681410,174338,1335059,117583
Town and Country,65168,12/31/2005,5652434,4637844,292697,721893,435209,51951,318239,65019
Town and Country,65168,12/31/2006,7322849,6445009,84638,793202,654268,154092,428868,71308
Town and Country,65168,12/31/2007,9931108,8899177,112241,919690,981375,337969,516918,126488
Town and Country,65168,12/31/2008,10624206,9494556,93999,1035651,1010451,290154,604336,115961
Town and Country,65168,12/31/2009,13017779,11697467,95138,1225174,1134708,291355,653341,117522
Town and Country,65168,12/31/2010,12483638,11062133,59766,1361739,1062274,159065,749714,153495
Town and Country,65168,12/31/2011,12829091,11217039,48713,1563339,1098298,108063,788635,201600
Town and Country,65168,12/31/2012,15902086,14070823,70458,1760805,1139765,102969,839330,197466
Town and Country,65168,12/31/2013,16708437,14727576,66496,1914365,1107843,92022,862261,153560
Town and Country,65168,12/31/2014,16988786,14853959,61143,2073684,1072596,73487,839790,159319
Town and Country,65168,12/31/2015,18542950,16292448,58707,2191795,1167570,62041,987417,118112
Town and Country,65168,12/31/2016,21956540,18051330,1619887,2285323,1297315,75059,1128731,93525
Town and Country,65168,12/31/2017,24558898,19407450,15603,2499226,1528254,96863,1190430,213904
Waterloo Firemen's,65193,12/31/2018,2192297,1935017,0,256764,49972,16593,32315,1064
Waterloo Firemen's,65193,12/31/2005,1681105,1444770,141,236194,79114,30128,46578,2408
Waterloo Firemen's,65193,12/31/2006,1632227,1396382,134,235711,87869,33997,54356,-484
Waterloo Firemen's,65193,12/31/2007,1656750,1418677,174,237899,84717,37940,44588,2189
Waterloo Firemen's,65193,12/31/2008,1767842,1521916,2471,243455,89749,35069,54230,450
Waterloo Firemen's,65193,12/31/2009,2019275,1770683,4874,243718,96897,33925,49843,264
Waterloo Firemen's,65193,12/31/2010,2201832,1950796,5485,245551,86038,24232,59973,1833
Waterloo Firemen's,65193,12/31/2011,2172029,1918153,1185,252691,75990,11288,58631,6071
Waterloo Firemen's,65193,12/31/2012,2121149,1869088,1289,250772,67616,9999,59349,-1732
Waterloo Firemen's,65193,12/31/2013,2171603,1922798,2424,246381,55689,9038,51042,-4391
Waterloo Firemen's,65193,12/31/2014,1998876,1751702,219,246955,50635,4357,46165,113
Waterloo Firemen's,65193,12/31/2015,2054640,1800333,263,254044,53765,6150,40527,7088
Waterloo Firemen's,65193,12/31/2016,1868097,1612404,732,254961,47081,5774,40391,916
Waterloo Firemen's,65193,12/31/2017,1934439,1679641,-53,254500,48944,5761,43643,-460
USDA,65195,12/31/2005,3907577,3298407,6534,602636,253409,30278,199994,23137
USDA,65195,12/31/2006,3788319,3177820,529,609970,270557,51666,211556,7335
USDA,65195,12/31/2007,3599435,2978298,5894,615243,270921,54868,210780,5273
USDA,65195,12/31/2008,4061093,3438481,5546,617066,264586,58844,203919,1823
USDA,65195,12/31/2009,4418738,3787993,3504,627241,271925,43065,190128,10172
USDA,65195,12/31/2010,4255100,3620652,1118,633330,233539,23320,204128,6091
USDA,65195,12/31/2011,4147809,3545157,3152,599500,199181,13928,219083,-33830
USDA,65195,12/31/2012,4072041,3532864,3409,535768,177804,8166,233370,-63732
USDA,65195,12/31/2013,3927868,3426921,-1238,502185,153357,5660,181281,-33584
USDA,65195,12/31/2014,3874062,3408578,3492,461992,157826,5197,192822,-40193
Morrison Employees,65199,12/31/2018,1802441,1286924,0,509431,33624,8237,21681,3706
Morrison Employees,65199,12/31/2005,1845382,1413413,10713,421256,75380,29195,31360,14825
Morrison Employees,65199,12/31/2006,1699720,1247632,11040,441048,84152,33992,30368,19792
Morrison Employees,65199,12/31/2007,1474642,1002172,9550,462920,80968,29037,30059,21872
Morrison Employees,65199,12/31/2008,1526789,1043986,9620,473183,67508,27585,28160,11763
Morrison Employees,65199,12/31/2009,1537055,1049432,5389,482234,66611,20355,28447,9051
Morrison Employees,65199,12/31/2010,1686425,1188088,4480,493857,57368,14863,30882,11623
Morrison Employees,65199,12/31/2011,1750197,1253753,1732,494712,43085,8689,31218,3178
Morrison Employees,65199,12/31/2012,1694883,1185442,5539,503902,44290,9083,26018,9189
Morrison Employees,65199,12/31/2013,1692441,1185057,2639,504745,31600,5689,25068,843
Morrison Employees,65199,12/31/2014,1568396,1053968,10242,504186,26990,4517,21939,534
Morrison Employees,65199,12/31/2015,1657819,1149163,2914,505742,28812,5836,21421,1555
Morrison Employees,65199,12/31/2016,1484460,979441,611,504408,23427,2937,21824,-1334
Morrison Employees,65199,12/31/2017,1640719,1134264,0,505725,25510,2511,21682,1317
Circle K,65201,12/31/2005,1087161,849216,4784,233161,51979,16292,28666,7021
Circle K,65201,12/31/2006,940786,697612,4354,238820,50254,17242,27353,5659
Circle K,65201,12/31/2007,900112,648743,5813,245556,52005,18366,26903,6736
Circle K,65201,12/31/2008,906352,652709,4816,248827,43668,14645,25753,3270
Circle K,65201,12/31/2009,837347,586822,3293,247232,38028,8983,25181,-1595
Circle K,65201,12/31/2010,810196,558051,667,251478,30654,2339,24069,4246
Circle K,65201,12/31/2011,766595,519923,516,246156,21249,1293,25278,-5322
Firestone,65204,12/31/2005,3294323,2666169,12886,615268,190907,47874,137226,5807
Firestone,65204,12/31/2006,2865877,2227135,20220,618522,196207,46756,143823,5628
Firestone,65204,12/31/2007,2525718,1878936,22215,624567,193885,45163,142677,6045
Firestone,65204,12/31/2008,2587638,1999674,11820,576144,178563,42279,184706,-48422
Bandag Employees,65233,12/31/2005,5836373,5084136,23056,729181,346730,62855,251957,31918
Bandag Employees,65233,12/31/2006,5477669,4736008,11672,729989,374481,91636,280529,2316
CENT,65238,12/31/2018,51073906,43628327,139937,7305642,2938902,88610,2696202,10700
CENT,65238,12/31/2005,21867067,18738023,84143,3045094,1224603,226620,719041,278942
CENT,65238,12/31/2006,22514770,19107147,88881,3320423,1306545,293326,737195,276024
CENT,65238,12/31/2007,23346219,19675626,79886,3592600,1462783,388504,797802,276477
CENT,65238,12/31/2008,25596630,21617865,84207,3893263,1498972,385670,812641,300661
CENT,65238,12/31/2009,28949219,24650656,105508,4187933,1482877,346747,802460,290121
CENT,65238,12/31/2010,29662921,25132771,73931,4447433,1458453,259631,933269,265553
CENT,65238,12/31/2011,30594558,25745433,88117,4753576,1405613,187645,911825,306143
CENT,65238,12/31/2012,36831350,30917181,76042,5834015,1502581,155341,1024197,323043
CENT,65238,12/31/2013,37292438,31206389,48268,6035810,1390636,118884,1069817,201935
CENT,65238,12/31/2014,38326589,32046420,63469,6216700,1363122,61162,1121070,180890
CENT,65238,12/31/2015,40758033,33873479,118257,6766297,1800083,43751,1436558,319774
CENT,65238,12/31/2016,43899029,36549521,212743,7134882,2010857,90744,1574665,345448
CENT,65238,12/31/2017,49150936,41579462,276531,7085683,2428442,68688,2084800,160061
Burlington Municipal Employees,65239,12/31/2018,4744496,4307694,2117,421074,216622,57482,234388,-75248
Burlington Municipal Employees,65239,12/31/2005,2539598,2212390,37172,290036,159640,65996,72151,21493
Burlington Municipal Employees,65239,12/31/2006,2175487,1843667,38259,293561,147396,65335,78540,3521
Burlington Municipal Employees,65239,12/31/2007,2253843,1865600,90048,298195,154796,54258,85653,14885
Burlington Municipal Employees,65239,12/31/2008,2697619,2382754,15429,299436,175593,63902,110450,1241
Burlington Municipal Employees,65239,12/31/2009,2889324,2563254,18106,307964,203065,47093,127358,8528
Burlington Municipal Employees,65239,12/31/2010,3059558,2708821,18971,331766,187410,49514,114094,23802
Burlington Municipal Employees,65239,12/31/2011,3566428,3204137,25183,337108,185233,59214,120678,5341
Burlington Municipal Employees,65239,12/31/2012,3976871,3574820,11010,391041,202765,45061,103770,53934
Burlington Municipal Employees,65239,12/31/2013,4646453,4203531,14950,427972,206923,46571,123421,36931
Burlington Municipal Employees,65239,12/31/2014,4539819,4072374,15608,451837,206142,47342,134935,23865
Burlington Municipal Employees,65239,12/31/2015,4849971,4356394,17710,475867,200579,48192,128358,24029
Burlington Municipal Employees,65239,12/31/2016,5447040,4926455,19403,501182,207529,54258,127957,25314
Burlington Municipal Employees,65239,12/31/2017,5413466,4899007,3108,496322,211995,60512,156343,-4860
The Verno,65241,12/31/2005,552325,317755,345,234225,23901,801,24569,-1469
The Verno,65241,12/31/2006,476302,237976,414,237912,25873,3182,18998,3693
The Verno,65241,12/31/2007,453191,212697,1473,239021,23675,3944,18652,1079
The Verno,65241,12/31/2008,462298,222006,1217,239075,21454,3029,18372,53
The Verno,65241,12/31/2009,452553,216315,804,235434,16178,641,18879,-3342
The Verno,65241,12/31/2010,433157,202741,486,229930,12920,318,18094,-5492
Industrial Employees,65242,12/31/2018,8723176,7254199,19577,1449230,382647,37102,262614,82931
Industrial Employees,65242,12/31/2005,5387275,4581214,11842,794219,311822,103423,144700,63699
Industrial Employees,65242,12/31/2006,5611701,4751350,11735,848616,353798,152586,160402,40810
Industrial Employees,65242,12/31/2007,5884367,4979282,14277,890808,384913,173956,168765,42192
Industrial Employees,65242,12/31/2008,6879043,5939108,14358,925577,398711,171203,192739,34769
Industrial Employees,65242,12/31/2009,7463891,6476183,13297,974411,414146,103449,212605,89003
Industrial Employees,65242,12/31/2010,7755954,6712925,18147,1024882,363620,85478,227670,50472
Industrial Employees,65242,12/31/2011,8004010,6922702,19361,1061947,345864,57542,251257,37065
Industrial Employees,65242,12/31/2012,8199138,7058424,23013,1117701,335146,41047,239846,54253
Industrial Employees,65242,12/31/2013,8357111,7149651,29100,1178360,332666,43233,234914,54519
Industrial Employees,65242,12/31/2014,8941529,7696982,23085,1221462,335812,46452,249156,40204
Industrial Employees,65242,12/31/2015,8943851,7650487,22591,1270773,363831,42206,272313,49312
Industrial Employees,65242,12/31/2016,8667626,7340494,20401,1306731,341004,36218,268829,35957
Industrial Employees,65242,12/31/2017,8997729,7611033,20226,1366300,343775,37446,246760,59569
Holy Ghost Parish,65243,12/31/2018,28128921,24818182,1068,3078263,569186,367119,201652,415
Holy Ghost Parish,65243,12/31/2005,22379870,19909184,199346,2271340,883811,604979,246425,32407
Holy Ghost Parish,65243,12/31/2006,19604808,17133219,173536,2298053,836077,587447,221917,26713
Holy Ghost Parish,65243,12/31/2007,18301521,15766544,204161,2330816,826738,556830,237145,32763
Holy Ghost Parish,65243,12/31/2008,21010188,18384450,232709,2393029,897539,593931,241394,62214
Holy Ghost Parish,65243,12/31/2009,25466668,22767466,225668,2473534,1101018,602269,262576,80505
Holy Ghost Parish,65243,12/31/2010,27711918,24916171,188197,2607550,915849,454065,327768,134016
Holy Ghost Parish,65243,12/31/2011,28566830,25683576,194105,2689149,789058,377880,329579,81599
Holy Ghost Parish,65243,12/31/2012,30368656,27289743,104297,2974616,624092,295027,312657,16408
Holy Ghost Parish,65243,12/31/2013,28772329,25715071,81945,2975313,464431,181882,281852,697
Holy Ghost Parish,65243,12/31/2014,28141316,25080836,84731,2975749,382059,174058,207565,436
Holy Ghost Parish,65243,12/31/2015,27910382,24736582,95556,3078244,384642,176659,207605,378
Holy Ghost Parish,65243,12/31/2016,27971937,24786168,107410,3078359,397602,196094,201393,115
Holy Ghost Parish,65243,12/31/2017,27288998,24076222,1429,3078612,442136,242488,199395,253
SCICAP,65263,12/31/2005,2376253,2012374,31998,330381,149694,45937,54218,49539
SCICAP,65263,12/31/2006,2257140,1843191,45336,366613,148978,71381,41366,36231
SCICAP,65263,12/31/2007,1896552,1452860,39304,402388,151379,66169,49434,35776
SCICAP,65263,12/31/2008,2266327,1783406,33033,447888,125596,49134,30962,45500
SCICAP,65263,12/31/2009,2533600,2043595,34232,455773,133668,40009,69728,8935
SCICAP,65263,12/31/2010,2750685,2212811,39208,498666,153322,40705,69724,42893
SCICAP,65263,12/31/2011,2592507,2103427,19445,469635,80640,15299,94374,-29033
SCICAP,65263,12/31/2012,2001702,1533002,18896,449804,122080,12465,129446,-19831
SCICAP,65263,12/31/2013,2183120,1691090,21708,470322,91131,14249,54494,22388
SCICAP,65263,12/31/2014,2306738,1794113,21971,490654,87756,17863,50227,19666
MHI-Independence Employees,65264,12/31/2005,1619346,1372102,10860,236384,81582,19159,50565,11858
MHI-Independence Employees,65264,12/31/2006,1512354,1248500,11936,251918,89088,27895,45658,15535
MHI-Independence Employees,65264,12/31/2007,1438680,1157256,11541,269883,93031,27929,47138,17964
MHI-Independence Employees,65264,12/31/2008,1711514,1420960,12574,277980,90883,28613,54172,8098
MHI-Independence Employees,65264,12/31/2009,1782752,1481586,15632,285534,99038,24182,55347,7554
MHI-Independence Employees,65264,12/31/2010,1539981,1277248,-30128,292861,80071,19563,53180,7328
MHI-Independence Employees,65264,12/31/2011,1582905,1274890,13996,294019,59425,12433,46937,55
MHI-Independence Employees,65264,12/31/2012,1418185,1262982,742,154461,63052,147572,53935,-138455
Eaton Employees,65270,12/31/2005,3486550,3010967,561,475022,251258,113999,88415,48844
Eaton Employees,65270,12/31/2006,3602860,2403340,819782,379738,242506,127051,210740,-95285
Eaton Employees,65270,12/31/2007,2926418,2453036,7896,465486,200076,86557,207430,-93911
Eaton Employees,65270,12/31/2008,2043349,1789732,0,250720,180477,42308,114620,23549
Eaton Employees,65270,12/31/2009,2228975,1983219,2378,243378,142867,37139,90430,12615
Eaton Employees,65270,12/31/2010,2030546,1689655,97397,243494,133174,14873,118094,207
Eaton Employees,65270,12/31/2011,1820613,1568325,2917,249371,126964,17641,103446,5877
Eaton Employees,65270,12/31/2012,2565496,2304228,4491,256777,130322,20283,102556,7483
Eaton Employees,65270,12/31/2013,2475576,2214462,4136,256978,133855,12216,121183,456
Eaton Employees,65270,12/31/2014,2696202,2427428,4830,263944,135703,18082,110656,6965
Eaton Employees,65270,12/31/2015,3081047,2807719,7258,266070,136493,18011,116354,2128
Eaton Employees,65270,12/31/2016,2553784,2295719,12694,245371,131139,15328,136512,-20701
Bilt-Well,65286,12/31/2005,1188003,933833,4176,249994,47619,13884,30035,3700
Bilt-Well,65286,12/31/2006,1007542,744559,5225,257758,51220,18713,24742,7765
Bilt-Well,65286,12/31/2007,1002584,731345,6816,264423,51866,20411,24791,6664
Bilt-Well,65286,12/31/2008,951948,680183,4839,266926,44599,17700,24395,2504
Bilt-Well,65286,12/31/2009,949744,676996,4241,268507,44701,13558,23843,1581
Bilt-Well,65286,12/31/2010,1014874,740465,1451,272958,33587,4920,24216,4451
Bilt-Well,65286,12/31/2011,922016,654918,683,266415,21036,2830,24749,-6543
KAH,65391,12/31/2018,1690227,1158516,2034,529677,51447,2693,48791,-37
KAH,65391,12/31/2005,2313386,1871581,1419,445226,120025,32738,58701,28586
KAH,65391,12/31/2006,2005459,1564476,1030,439953,119954,54226,71359,-5631
KAH,65391,12/31/2007,1950798,1477396,723,472679,124414,37895,53793,32726
KAH,65391,12/31/2008,1979270,1484091,521,494658,111840,38306,52485,21049
KAH,65391,12/31/2009,2203351,1686771,588,515992,106919,29361,57874,17380
KAH,65391,12/31/2010,2137191,1600513,571,536107,108516,19258,52772,36486
KAH,65391,12/31/2011,2194224,1635692,566,557966,97596,12691,64202,20703
KAH,65391,12/31/2012,2145823,1569879,652,575292,87006,11328,58352,17326
KAH,65391,12/31/2013,2067450,1501902,1894,563654,73596,7324,77910,-11638
KAH,65391,12/31/2014,1880924,1337911,170,542843,65864,3691,81006,-18833
KAH,65391,12/31/2015,1801196,1270942,19284,510970,65760,2969,94692,-31901
KAH,65391,12/31/2016,1718709,1187514,7086,524109,56894,2752,41003,13139
KAH,65391,12/31/2017,1767668,1229842,8112,529714,52378,2695,44078,5605
HomeTown,65445,12/31/2018,2428571,1772782,12000,639798,154263,2197,117460,23635
Eaton Employees,65445,12/31/2005,1340881,1048738,7761,284382,97840,11344,65834,20662
Eaton Employees,65445,12/31/2006,1178471,868742,5766,303963,106232,16926,69725,19581
Eaton Employees,65445,12/31/2007,1119734,731033,60922,327779,102949,16830,62906,23213
Eaton Employees,65445,12/31/2008,1146420,785660,5604,355156,109476,15597,66502,27377
Eaton Employees,65445,12/31/2009,1584841,1208513,8666,367662,110571,14005,84059,5898
Eaton Employees,65445,12/31/2010,1701578,1301561,7907,392110,119721,15362,77713,26646
Eaton Employees,65445,12/31/2011,2180776,1787784,3182,389810,148589,12677,138216,-2304
Eaton Employees,65445,12/31/2012,2441738,1988133,12870,440735,168371,16560,100887,50924
Eaton Employees,65445,12/31/2013,2502749,2015561,13975,473213,185814,16534,136802,32478
Eaton Employees,65445,12/31/2014,2688293,2144212,23626,520455,195110,25574,122234,47302
HomeTown,65445,12/31/2015,2677665,2081890,24815,570960,181631,19021,112105,50505
HomeTown,65445,12/31/2016,2444192,1833255,16752,594185,154958,4910,126823,23225
HomeTown,65445,12/31/2017,2363718,1737140,7269,616163,145252,2769,117197,21978
River Bend,65480,12/31/2005,6026215,5238820,8493,778902,268556,35027,194795,38734
River Bend,65480,12/31/2006,5879645,5016504,12111,851030,327459,45070,210262,72127
River Bend,65480,12/31/2007,5553519,4606580,14405,932534,353008,51493,219610,81905
River Bend,65480,12/31/2008,6043498,5059240,12737,865749,317724,60649,218088,38987
River Bend,65480,12/31/2009,6994624,6017505,12215,859132,302205,66190,202112,-6618
River Bend,65480,12/31/2010,7120854,6154744,15774,844564,268517,47860,235225,-14568
River Bend,65480,12/31/2011,7381360,6419742,10309,845537,219489,17807,200709,973
River Bend,65480,12/31/2012,7386837,6460060,7316,813689,195852,12598,215103,-31849
Aegis,65521,12/31/2018,14911211,12826466,51640,2031814,1033288,44616,830903,157769
Aegis,65521,12/31/2005,7924821,6879848,161761,883212,796556,101358,628022,67176
Aegis,65521,12/31/2006,7827167,6815252,26757,985158,890149,128456,659748,101945
Aegis,65521,12/31/2007,8793870,7777014,27727,989129,931225,183072,744181,3972
Aegis,65521,12/31/2008,8518115,7435443,67134,1015538,866225,152088,687728,26409
Aegis,65521,12/31/2009,9511657,8327707,32434,1151516,782859,95192,611971,75696
Aegis,65521,12/31/2010,9931161,8655923,55438,1219800,761268,62080,619051,80137
Aegis,65521,12/31/2011,9879675,8583462,31754,1264459,735462,41324,640392,53746
Aegis,65521,12/31/2012,10526302,9156510,32839,1336953,709028,35305,601157,72566
Aegis,65521,12/31/2013,11187120,9784817,83118,1319185,688539,31601,620964,35974
Aegis,65521,12/31/2014,12015485,10533683,51213,1430589,759347,29602,618342,111403
Aegis,65521,12/31/2015,13092655,11458122,43657,1590876,891621,32659,698674,160288
Aegis,65521,12/31/2016,13332151,11459723,187770,1684658,959222,33100,832340,93782
Aegis,65521,12/31/2017,14204051,12333079,9056,1861916,977035,35985,763293,177260
Rimoda,65549,12/31/2005,361222,302198,9234,49790,20434,9234,10227,973
Rimoda,65549,12/31/2006,360046,304340,2300,53406,18282,5826,12366,90
Rimoda,65549,12/31/2007,346096,288171,8062,49863,17250,8062,9188,0
Rimoda,65549,12/31/2008,387464,342516,6121,38827,16722,6121,22824,-12223
Rimoda,65549,12/31/2009,346354,303551,3934,38869,14495,3812,10641,42
Rimoda,65549,12/31/2010,336593,295060,4640,36893,15293,4518,10775,0
Rimoda,65549,12/31/2011,388060,344757,6144,37159,16581,6022,10492,67
Rimoda,65549,12/31/2012,383050,354730,1090,27230,12742,1775,21869,-10902
Rimoda,65549,12/31/2013,336826,329763,514,6549,10797,14153,17326,-20682
GPC-KFI-VII,65552,12/31/2005,2794255,2109760,29588,654907,169494,29001,118168,22325
GPC-KFI-VII,65552,12/31/2006,2668529,1954302,24581,689646,186506,30612,121156,34738
GPC-KFI-VII,65552,12/31/2007,2536797,1774780,37040,724977,193340,34596,123412,35332
United,65557,12/31/2018,16478234,14628363,17853,1832007,642488,42180,460186,140122
United,65557,12/31/2005,8891209,7954450,10928,925831,595615,77217,463640,54758
United,65557,12/31/2006,8718856,7731391,11229,976236,621791,109803,461583,50405
United,65557,12/31/2007,9185719,8135754,17555,1032410,674552,141864,476514,56174
United,65557,12/31/2008,9306217,8183149,13706,1109362,669168,111559,480657,76952
United,65557,12/31/2009,11055565,9852165,25955,1177445,669155,110337,478057,68083
United,65557,12/31/2010,11168092,9857353,23541,1287198,710106,97677,511763,100666
United,65557,12/31/2011,13429007,12115519,26257,1287231,652390,78518,573838,34
United,65557,12/31/2012,14064483,12706780,19946,1337757,642982,54283,538174,50525
United,65557,12/31/2013,14196978,12785230,14815,1396933,588895,33505,496213,59177
United,65557,12/31/2014,14980590,13505658,13367,1461565,561177,28628,467918,64631
United,65557,12/31/2015,16203734,14681516,10653,1511565,556230,29434,476796,50000
United,65557,12/31/2016,16183979,14596745,13823,1573411,597781,30158,505776,61847
United,65557,12/31/2017,16324497,14610950,21649,1691885,609130,29373,461283,118474
Cedar Falls Community,65565,12/31/2018,119511082,99679544,684839,20132955,5807418,958914,2989867,1858637
Cedar Falls Community,65565,12/31/2005,48383051,42359262,268418,5755371,3003531,720101,1780540,502890
Cedar Falls Community,65565,12/31/2006,53428240,46485059,406086,6537095,3728499,1079101,1867673,781725
Cedar Falls Community,65565,12/31/2007,59387897,51798812,477271,7111814,4455924,1528961,2360631,566332
Cedar Falls Community,65565,12/31/2008,68728338,60783758,746966,7562625,4441075,1533988,2456397,450690
Cedar Falls Community,65565,12/31/2009,78824221,70516121,665728,8102167,4873549,1394382,2441374,539484
Cedar Falls Community,65565,12/31/2010,83466935,74677289,676427,8621206,4355253,1146735,2689865,518653
Cedar Falls Community,65565,12/31/2011,87486087,77633088,875451,9535881,4266137,914822,2455688,895627
Cedar Falls Community,65565,12/31/2012,91656752,80831212,1008459,10498596,4200092,838736,2379624,981732
Cedar Falls Community,65565,12/31/2013,92685398,80730522,797781,11833487,4355930,654056,2366983,1334891
Cedar Falls Community,65565,12/31/2014,93291466,79829476,901161,13206550,4343977,493568,2477346,1373063
Cedar Falls Community,65565,12/31/2015,100121820,85017392,889574,14966644,4720378,544958,2415326,1760094
Cedar Falls Community,65565,12/31/2016,107763072,91283903,882132,16575985,4785086,678638,2497108,1609340
Cedar Falls Community,65565,12/31/2017,119132718,100866277,836704,18274319,5323197,842287,2782576,1698334
Teamsters Local #238,65606,12/31/2018,8631840,7623934,83382,924329,372266,15022,347476,9768
Teamsters Local #238,65606,12/31/2005,6058925,5122157,7634,929134,419837,78986,331219,9632
Teamsters Local #238,65606,12/31/2006,6144485,5176113,17915,950457,427830,82109,324397,21324
Teamsters Local #238,65606,12/31/2007,6067570,5060716,13216,993638,478596,103827,331589,43180
Teamsters Local #238,65606,12/31/2008,6985435,5946352,24450,1014633,512092,106489,384608,20995
Teamsters Local #238,65606,12/31/2009,7491306,6423975,20014,1047317,494381,100312,352467,32682
Teamsters Local #238,65606,12/31/2010,8293921,7208838,16294,1068789,461715,91611,348630,21474
Teamsters Local #238,65606,12/31/2011,7425619,6328770,14612,1082237,463961,75982,374532,13447
Teamsters Local #238,65606,12/31/2012,10310483,9209645,16175,1084663,425230,70294,352511,2425
Teamsters Local #238,65606,12/31/2013,8886782,7975534,13564,897684,434553,50390,571141,-186978
Teamsters Local #238,65606,12/31/2014,9226492,8296240,28630,901622,425878,24115,397826,3937
Teamsters Local #238,65606,12/31/2015,7817216,6847051,48226,921939,388897,15289,353291,20317
Teamsters Local #238,65606,12/31/2016,8604553,7634492,55907,914154,344561,13582,338764,-7785
Teamsters Local #238,65606,12/31/2017,7671705,6686453,70607,914562,348704,13160,335137,407
Citizens Community,66592,12/31/2018,199150267,164661481,2907480,30773146,12487759,761915,9425515,1804354
Citizens Community,66592,12/31/2005,61478290,51637425,1423992,8416873,4667149,526852,3484574,655723
Citizens Community,66592,12/31/2006,63011872,51233234,2431965,9346673,5485146,665602,3905494,914050
Citizens Community,66592,12/31/2007,72358600,55616188,6414075,10328337,6035080,916119,4144453,974508
Citizens Community,66592,12/31/2008,103058827,83122640,9216581,10719606,7940688,1311603,6249680,379405
Citizens Community,66592,12/31/2009,121034250,102047356,5518000,13468894,11934826,1794614,7247209,2748815
Citizens Community,66592,12/31/2010,136147668,118447961,2858691,14841016,11652317,1706701,8573494,1372122
Citizens Community,66592,12/31/2011,144668254,124490427,3138614,17039213,12544261,1634479,8711584,2198198
Citizens Community,66592,12/31/2012,164837821,141997566,3479539,19360716,11709878,1526296,7862079,2321503
Citizens Community,66592,12/31/2013,171894023,147767970,2889722,21236331,11915971,1307951,8732407,1875613
Citizens Community,66592,12/31/2014,182565359,156605815,2536503,23423041,11740427,1222139,8331577,2186711
Citizens Community,66592,12/31/2015,188222766,159723353,2837443,25661970,11576665,1206176,8131560,2238929
Citizens Community,66592,12/31/2016,190790936,160590236,2767319,27433381,11468188,1181629,8515148,1771411
Citizens Community,66592,12/31/2017,191541996,159853227,2534270,28968792,11798277,768088,9117290,1535411
Allen Hospital Personnel,67831,12/31/2018,5435500,4468758,42343,924385,320531,3739,394302,-78187
Allen Hospital Personnel,67831,12/31/2005,4879417,4068605,30749,780063,319426,28271,236462,54693
Allen Hospital Personnel,67831,12/31/2006,4546722,3549869,150228,846625,326993,34429,232973,59591
Allen Hospital Personnel,67831,12/31/2007,4481747,3533411,38178,910158,340163,38147,248354,53662
Allen Hospital Personnel,67831,12/31/2008,4418784,3565016,-93184,946952,302948,31635,234519,36794
Allen Hospital Personnel,67831,12/31/2009,4880659,3886042,39837,954780,312825,20320,257487,5087
Allen Hospital Personnel,67831,12/31/2010,4804304,3791657,41139,971508,297919,16401,266162,15356
Allen Hospital Personnel,67831,12/31/2011,5154563,4148947,39450,966166,269449,14930,259861,-5342
Allen Hospital Personnel,67831,12/31/2012,5444163,4441411,35195,967557,253762,13155,239218,1389
Allen Hospital Personnel,67831,12/31/2013,5404025,4417575,19318,967132,262687,10879,252231,-423
Allen Hospital Personnel,67831,12/31/2014,5467858,4458085,19410,990363,295320,5177,266913,23230
Allen Hospital Personnel,67831,12/31/2015,5428598,4398385,19217,1010996,317140,5174,292125,19841
Allen Hospital Personnel,67831,12/31/2016,5675847,4634872,22944,1018031,314760,4707,303017,7036
Allen Hospital Personnel,67831,12/31/2017,5487694,4459861,25248,1002571,326439,3703,337580,-15461
Community 1st,68510,12/31/2018,650227920,571670209,5804720,59752991,37099984,5144004,27703347,3938664
Community 1st,68510,12/31/2005,169476874,139975516,11983022,17518336,11477757,1403067,8550985,1523705
Community 1st,68510,12/31/2006,183438319,156553099,8862797,18022423,13830543,2752213,10574244,504086
Community 1st,68510,12/31/2007,226050083,199011638,7716830,19321615,16339433,4732600,10307640,1299193
Community 1st,68510,12/31/2008,266187995,221883925,23633416,20670654,19307096,5054346,12903698,1349052
Community 1st,68510,12/31/2009,282366120,246676854,12512188,23177078,20868672,4092031,12548254,2506424
Community 1st,68510,12/31/2010,326132984,294101592,4351816,27679576,20937697,3637368,13077906,4222423
Community 1st,68510,12/31/2011,368928853,332175992,6034997,30717864,21583153,3909339,14734673,2939141
Community 1st,68510,12/31/2012,411642226,370826013,6060267,34755946,23151173,3583354,15529738,4038081
Community 1st,68510,12/31/2013,475531627,427129290,8162182,40240155,25494943,3433295,16577439,5484209
Community 1st,68510,12/31/2014,519360737,456663377,17129031,45568329,27138082,3403342,18406825,5327915
Community 1st,68510,12/31/2015,572585908,503707385,19371224,49507299,29297911,3205767,22153175,3938969
Community 1st,68510,12/31/2016,580149412,508514554,19428133,52206725,30755530,3329690,24726413,2699427
Community 1st,68510,12/31/2017,622220239,547708056,5697862,55814321,33432251,3947779,25654624,3607598
Cobalt,68695,12/31/2018,1003102189,772896747,12221786,87771659,54619983,5803465,38896161,6929903
1st Gateway,63124,12/31/2021,176631768,150031882,156989359,19642409,8014798,1406967,5622831,985000
5 Star Community,64878,12/31/2021,45462955,41271169,42013250,3536450,1787149,89787,1634340,63022
ACE,64323,12/31/2021,9052371,7807878,7812686,1239685,137029,20266,111362,5401
Advantage,64030,12/31/2021,99483620,85036415,85555150,13928470,3938423,273178,2294226,1371019
Aegis,65521,12/31/2021,24207017,20942011,21508090,2698927,1241195,97507,905522,238166
Affinity,62829,12/31/2021,138929547,121025191,125085097,14075251,8522329,265877,6588089,1668363
AIM,64886,12/31/2021,165623209,146466267,147032293,18604931,6010543,607347,4523779,879417
Allen Hospital Personnel,67831,12/31/2021,6255600,5293742,5316653,938947,265411,4436,253018,7957
Ascentra,63268,12/31/2021,534049808,461404489,484860761,49237866,26510820,2299059,22069763,2141998
Burlington Municipal Employees,65239,12/31/2021,4903904,4381186,4394202,509702,172730,38435,99774,34521
Capitol View,62878,12/31/2021,44114904,37815754,37994006,6120898,1374764,148338,1087128,139298
Casebine Community,64868,12/31/2021,33256622,27660379,27830112,5426640,1515090,18131,1351058,145901
Cedar Falls Community,65565,12/31/2021,172019853,145875448,146593991,26444148,6847220,1053839,3968719,1824662
CENT,65238,12/31/2021,71700288,63204236,63352939,8347349,3479774,280667,2693688,505419
Citizens Community,66592,12/31/2021,243686082,206112953,208831076,34855006,12518482,1024379,9575519,1918584
Collins Community,62969,12/31/2021,1442452374,1265564555,1326256708,117785323,83380169,8824575,65389060,9166534
Community 1st,68510,12/31/2021,1000537612,905908797,923318603,77539267,43764277,5020237,32175448,6568592
Community Choice,65078,12/31/2021,742415768,647826030,663541183,78879804,41459037,2055855,31660664,7742518
Davenport Police Department,61691,12/31/2021,5116152,4503931,4512616,603536,100039,18194,75734,6111
Des Moines Fire Department,64943,12/31/2021,4020619,3206960,3206960,813659,103885,3202,129342,-28659
Des Moines Metro,64380,12/31/2021,71484563,62891411,64188202,7296361,2303596,108363,2077019,118214
Des Moines Water Works,63486,12/31/2021,1215132,1026692,1027887,187245,47396,524,48730,-1858
Du Trac Community,64471,12/31/2021,980729004,861006490,865651878,116591968,36287980,4714442,23151869,8421669
Dubuque Postal Employees,64917,12/31/2021,5566198,4983606,5006074,560124,116251,33265,69019,13967
Dupaco Community,64049,12/31/2021,2697668811,2224135575,2339911430,360603601,139692294,15932698,89694676,34064920
DuPont Employees,62429,12/31/2021,4934898,4244730,4247467,687431,122868,37099,72858,12911
Employees,63299,12/31/2021,136420831,108017287,108580384,27840447,5411301,669172,2115831,2626298
Family Community,64067,12/31/2021,22794680,20581337,20658396,2136284,397701,30549,455859,-88707
Financial Plus,62965,12/31/2021,218422871,194179978,196141138,22242685,6306057,330708,5406034,569315
First Class Community,64231,12/31/2021,100447391,92111838,93547405,7353735,4085344,43064,3933330,108950
Fort Dodge Family,63159,12/31/2021,41101349,36218636,36547451,4553898,1813785,330522,1267329,215934
Gas & Electric Employees,65040,12/31/2021,5284998,3385366,3385666,1899332,150872,16508,95146,39218
Greater Iowa,64203,12/31/2021,658019962,593261584,608905894,52589492,28441178,3078511,22531114,2831553
GreenState,60269,12/31/2021,9011033368,7475705824,8141837754,931530118,414504352,67782617,147438471,199283264
Holy Ghost Parish,65243,12/31/2021,34068827,30756854,30987748,3081079,482324,281327,199774,1223
HomeTown,65445,12/31/2021,2927139,2350308,2363029,564110,168513,15780,143863,8870
Industrial Employees,65242,12/31/2021,9736442,8072067,8093503,1642939,379026,16531,279260,83235
Iowa Heartland,60718,12/31/2021,27847683,23160176,23216835,4630848,807334,23476,764405,19453
Journey,64361,12/31/2021,79365516,68653056,69201494,10111205,3298647,304732,2185394,808521
KAH,65391,12/31/2021,1664213,1142489,1144953,519260,39555,2586,39862,-2893
Lee County,61393,12/31/2021,3557565,2722230,2724926,832639,130088,7942,117226,4920
Lennox Employees,64234,12/31/2021,62651164,56714421,56890139,5764561,2092612,296756,1872320,-76464
Linn Area,63602,12/31/2021,567868991,465843169,512579316,55230529,26574847,2178284,18054552,6342011
Members 1st Community,62918,12/31/2021,239859943,216433915,218028102,22040262,8090098,470368,6400688,1219042
Members Community,62683,12/31/2021,81920063,69921282,74215374,7704651,4094769,333972,3150521,610276
Meridian,64212,12/31/2021,34501372,29876997,29936584,4586402,865651,67615,876168,-78132
Metco,60013,12/31/2021,49043526,42891393,43225926,5817600,2079829,122832,1332942,624055
Midland,61918,12/31/2021,71013236,62917494,63298691,7714545,3069906,197642,2607260,265004
Midwest Community,63494,12/31/2021,42501716,39319430,39519823,2981893,1044791,49853,1025684,-30746
Morrison Employees,65199,12/31/2021,1827838,1308766,1312191,515647,30213,8565,21385,263
Muni-Employees,61360,12/31/2021,718688,640264,643976,74712,26183,512,28569,-2898
NGPL  Employees,64351,12/31/2021,2488580,1668691,1681217,807363,67779,21546,41996,4237
North Iowa Community,64191,12/31/2021,84541319,75460909,76911431,7629888,4419627,180815,3715853,522959
North Star Community,62638,12/31/2021,126797723,114059054,115123306,11615713,5616818,988437,4449254,179127
North Western Employees,64282,12/31/2021,9403602,7669795,7682424,1721178,371949,47410,287959,36580
NW IOWA,63399,12/31/2021,75472191,67287792,67328846,8143345,2407049,379373,1368241,659435
Peoples,64140,12/31/2021,78988694,69237985,69805398,9183296,3848953,263134,3030352,555467
Polk County,65039,12/31/2021,7267563,6186270,6187567,1079996,270119,54399,191844,23876
Power Co-op Employees,61920,12/31/2021,53818789,45325348,45368219,8450570,1585098,386891,710206,488001
Premier,64271,12/31/2021,265203702,236745106,243041618,22162084,11141334,1404074,7889163,1848097
Public Employees,64390,12/31/2021,34260187,29812500,29833149,4427038,873070,270975,567588,34507
Quaker Oats,64991,12/31/2021,13295617,11590358,11637960,1657657,494943,23936,462458,8549
River Community,64986,12/31/2021,24872532,21389523,21531306,3341226,1185685,107372,917641,160672
River Valley,61664,12/31/2021,87203204,77296723,77442054,9761150,2636093,279984,1848522,507587
SECU,64269,12/31/2021,2162906,1643340,1650083,514150,65030,6441,61081,-2492
Serve,65150,12/31/2021,94294194,80061913,81264492,13029702,4126999,349312,2884459,893228
Sioux Valley Community,64417,12/31/2021,36130532,31949993,32146233,3984299,1269796,45688,1221645,2463
St Athanasius,65136,12/31/2021,808407,704638,704953,103454,35294,6053,29095,146
St Ludmila's,65062,12/31/2021,391966,281374,282301,109665,10523,666,9820,37
Teamsters Local #238,65606,12/31/2021,10032683,9047668,9153582,879101,300036,17721,373738,-91423
Telco Triad Community,63128,12/31/2021,119200882,106546911,106957631,12964770,4914169,270466,3943385,700318
The Family,60728,12/31/2021,221986302,193402692,194439468,27546834,10220178,839715,7509742,1870721
The Hub-Co,60678,12/31/2021,22784745,20646460,20703223,2081522,617475,46823,467906,102746
The Municipal,64021,12/31/2021,22424204,20159112,20206838,2217366,683074,21583,551298,110193
Town and Country,65168,12/31/2021,33966297,30884755,31006489,2959808,1923768,156680,1635595,131493
Unite,65071,12/31/2021,24653303,21486596,21516624,2963462,607443,66120,730804,-189481
United,65557,12/31/2021,21112618,19063872,19089253,2023365,555736,17691,500766,37279
Veridian,64418,12/31/2021,5860350443,5018270872,5222251376,641591648,288403726,35764290,135676566,116962870
Warren,64790,12/31/2021,4806501,3776493,3780949,1025552,199432,49780,146930,2722
Waterloo Firemen's,65193,12/31/2021,2763835,2478808,2494159,269676,70483,25572,38299,6612
